2916 4796
497 311 562 354 biit.
584 311 603 354 i.
647 311 750 354 epist.
774 309 840 354 xVi.

393 857 760 996 Eris't'olm
807 861 953 948 XVI.

486 1073 555 1140 nn
584 1072 866 1145 pulmonum.

130 1253 185 1317 Ne
207 1255 433 1338 perconteris,
454 1255 577 1320 fundus
599 1273 705 1343 meus,
728 1259 850 1340 optime
873 1255 1026 1343 Quincti,

130 1371 231 1435 Arvo
255 1377 372 1456 poscet
393 1373 525 1456 herum,
545 1393 589 1439 un
611 1377 704 1440 bacis
725 1377 898 1460 opulentet
922 1379 1046 1458 olivae,

185 1563 208 1612 l.
245 1563 295 1627 Ep.
314 1565 385 1616 xvi.
422 1580 449 1617 r.
470 1567 495 1616 1.
516 1563 637 1628 Qotinoti]
656 1568 766 1617 Nummi
784 1569 834 1616 sui)
852 1567 975 1630 Augusto
988 1568 1097 1629 signati.
1127 1569 1219 1630 Quinti

130 1632 195 1682 bSo.
214 1633 251 1684 ti.
298 1648 324 1684 v.
344 1635 371 1684 2.
391 1631 478 1697 doeio]
497 1635 559 1688 usn.
579 1634 663 1686 ductis
680 1637 718 1687 iii.

162 1736 214 1786 ru.
251 1737 301 1799 up.
320 1738 392 1788 xor.
430 1753 456 1792 v.
475 1743 503 1790 1.
523 1741 614 1802 Quart

174 1889 244 1938 xvi.
294 1887 442 1951 Ambigunt
469 1892 651 1955 interpretes,
692 1892 964 1947 etiumueouviciis,
986 1892 1217 1954 quibuseundem

88 1957 90 1962 ’
128 1971 222 2016 utrum
239 1967 291 2016 hoo
307 1968 460 2030 epistolium
478 1969 654 2032 seriptumsit
691 1969 844 2020 ioceroruni
869 1969 1048 2031 interpretes,
1077 1975 1217 2033 tamquam

128 2045 163 2094 ad
186 2045 344 2106 Quinotium
365 2046 509 2109 Hirpinum
534 2046 595 2109 (Od.
618 2049 651 2108 2,
692 2053 814 2110 enptntor
829 2048 1006 2098 sueriteurte
1025 2049 1166 2111 populeris
1180 2054 1218 2099 at·

128 2117 205 2184 11.)‚
234 2136 269 2171 un
295 2124 329 2172 ud
357 2124 389 2173 T.
412 2126 568 2187 Quinotium
597 2125 653 2175 Cri·
691 2139 744 2187 que
762 2125 1217 2188 externospeuieirugihominem
1270 2154 1271 2162 κ

128 2201 239 2262 spinum
258 2201 459 2264 Sulpicianum,
481 2205 652 2254 triumvirum
691 2204 860 2265 probumque
880 2217 910 2253 se
928 2217 988 2253 esse
1006 2205 1151 2254 simularit.

125 2275 161 2325 A.
177 2276 211 2326 A.
228 2276 260 2326 Α.
274 2278 304 2326 F.
318 2280 365 2340 F.,
382 2280 496 2342 Augusti
511 2282 652 2344 aequalem
726 2281 782 2328 i·-
792 2281 819 2328 d.
857 2281 893 2330 Ne
910 2283 1087 2342 perconteris,
1102 2306 1113 2316 -
1124 2306 1136 2318 ·
1149 2282 1218 2331 Sori-

128 2351 245 2415 (Eoirirel
270 2355 303 2404 Ι).
326 2357 359 2407 Ν.
384 2358 411 2407 5.
433 2371 460 2421 p.
481 2356 575 2422 titt),
606 2359 653 2421 qui
690 2354 779 2418 betur]
802 2357 879 2407 «Soio
901 2363 1006 2419 gratum
1026 2359 1074 2406 tibi
1097 2359 1172 2419 iore,
1193 2360 1218 2410 si

127 2431 201 2481 idem
215 2433 323 2482 uidetur
336 2448 398 2484 oum
412 2437 443 2485 T.
459 2437 585 2497 Quinctio
597 2437 653 2486 Cri·
690 2435 806 2484 sormam
826 2435 902 2484 fundi
926 2437 980 2484 mei
1001 2435 1072 2485 nitro
1099 2437 1149 2485 tihi
1171 2439 1219 2486 de·

127 2509 219 2571 spino,
234 2523 291 2560 cos.
309 2526 337 2561 n.
351 2527 378 2561 u.
394 2527 418 2562 e.
431 2514 510 2572 7t5.;
530 2516 578 2564 sed
591 2528 653 2563 oum
690 2513 840 2574 seripsero;
861 2514 951 2576 tuque
965 2514 1021 2563 noii
1038 2528 1081 2562 me
1095 2527 1127 2564 ea
1141 2514 1174 2562 de
1186 2527 1218 2564 re

126 2587 271 2636 hominum
288 2589 386 2639 horum
405 2590 538 2651 indolem,
558 2593 650 2648 vitum,
691 2591 871 2651 peruenturi.»
889 2615 918 2625 -
933 2588 1047 2652 Quincti]
1062 2591 1106 2640 Sio
1119 2592 1216 2654 scripsi

127 2663 344 2715 necessitudines
366 2681 428 2717 oum
449 2669 561 2718 Horatio
579 2683 653 2730 pror·
691 2681 754 2717 eum
767 2668 887 2718 nummis
899 2668 1014 2729 Augusti
1028 2673 1115 2718 setrie
1126 2669 1217 2728 signa·

126 2754 173 2790 sos
196 2742 373 2804 ignoremus,
405 2745 455 2795 hee
477 2747 510 2794 de
534 2759 563 2796 re
584 2746 651 2796 nihii
690 2745 733 2796 tis.
755 2771 784 2782 -
805 2746 875 2794 Aruo
893 2744 1107 2808 potentiorum]
1129 2747 1214 2798 «Nom

126 2821 194 2869 certi
223 2827 340 2872 siuiuere
369 2837 523 2886 possumus.
555 2824 652 2884 ,Argu-
690 2823 802 2873 fortusse
832 2828 862 2872 tu
895 2825 985 2873 eredis
1017 2824 1216 2874 fertilissimum

125 2903 251 2948 menium
269 2905 360 2950 autem
373 2903 453 2952 totius
475 2904 653 2965 seriptiuuou·
690 2915 750 2952 esse
767 2915 858 2952 meum
874 2903 1024 2963 Sabinum
1044 2917 1141 2955 rorum
1162 2904 1217 2954 ori-

124 2974 170 3024 ioe
202 2977 362 3029 breuissime
390 2980 430 3029 sio
461 2982 651 3043 exponendum
689 2983 735 3043 gui
758 2995 824 3030 sune
843 2989 884 3031 ost
902 2983 1019 3045 reditus,
1039 2984 1105 3032 mihi
1124 2988 1217 3032 iumen

125 3058 183 3102 est:
217 3055 313 3116 otigo,
342 3071 422 3118 oure,
454 3060 549 3110 bonius
571 3074 651 3120 sum,
690 3060 860 3108 carissimum
888 3067 999 3122 propter
1023 3062 1105 3112 situm
1126 3073 1218 3110 amoe-

125 3145 207 3193 quem
218 3136 252 3184 sd
267 3140 364 3186 statum
376 3137 446 3188 vitoe
459 3139 544 3189 ouivis
557 3144 651 3201 optun·
689 3151 784 3186 num.»
812 3137 1016 3208 Quintupiieem
1029 3144 1139 3198 autem,
1161 3151 1216 3187 non

125 3210 190 3259 dum
208 3212 471 3264 interreseriernus
486 3217 649 3278 permultum
689 3219 718 3263 ui
736 3214 783 3263 aiii
805 3215 916 3274 volunt,
948 3213 1107 3277 triplicem,
1139 3228 1217 3277 prse-

124 3288 233 3338 ooniert
252 3291 384 3340 Sabinum
406 3307 513 3344 meum:
540 3300 566 3344 tu
585 3295 649 3343 item
688 3292 795 3341 diorum
811 3292 926 3340 reditum
939 3297 1098 3350 enumeret,
1118 3305 1216 3352 ugrum

125 3379 202 3426 euru,
223 3372 262 3428 ni,
283 3371 512 3430 quemadmodum
526 3372 649 3430 mereris,
687 3383 800 3429 arvum,
829 3369 992 3428 olivitntem,
1024 3369 1137 3418 arbores
1158 3368 1215 3418 iru-

124 3443 220 3493 iteuins
240 3445 303 3506 iius,
324 3447 391 3496 iiiud
412 3449 504 3513 γνῶθι
523 3448 650 3501 σεαυτὸν
688 3448 802 3510 giieros,
827 3453 918 3510 pratu,
944 3448 1048 3497 uineas.
1073 3470 1100 3481 -
1122 3446 1216 3496 Oiivas

101 3565 103 3572 .
125 3520 153 3567 in
182 3521 278 3582 primis
305 3526 389 3585 probo
417 3539 544 3576 exercens
570 3533 650 3591 utque
688 3525 717 3574 in
737 3525 849 3580 modieis
869 3525 928 3586 egri
945 3525 1041 3575 Sebini
1058 3523 1137 3574 oiivis
1154 3536 1218 3586 pro·

126 3599 159 3646 ab
172 3599 258 3648 enimi
274 3602 520 3661 perturbationibus
533 3605 649 3655 liberum
687 3604 794 3654 renim
813 3608 927 3653 testetur
948 3602 1100 3653 Coiumeiiu
1117 3601 1151 3661 5,
1170 3601 1215 3656 8..

124 3679 304 3727 deterrens.»
328 3679 380 3728 Pro
395 3693 525 3742 responso
539 3683 648 3743 quidem
687 3683 734 3730 sed
749 3681 852 3730 iiomiii
869 3687 941 3730 cerie
955 3682 1097 3744 praedium
1112 3680 1140 3729 iu
1154 3679 1215 3731 loeo

124 3751 170 3801 eiii
186 3755 303 3812 hubent:
324 3757 370 3805 sed
388 3755 456 3806 nihii
473 3758 593 3818 proiecto
610 3760 650 3808 in·
685 3759 767 3824 nimis
783 3759 854 3808 edito
870 3771 902 3806 oo
915 3756 1057 3820 trigidiore
1069 3758 1152 3806 situm
1168 3768 1216 3804 eas

124 3836 176 3889 est,
197 3832 271 3895 quod
285 3833 355 3882 hano
371 3835 530 3897 opinionem
547 3835 646 3886 iirmet.
686 3837 740 3884 ooli
764 3849 821 3884 non
844 3835 1019 3898 petiebatur,
1049 3833 1212 3897 praesertim

123 3907 233 3958 hester
248 3915 353 3960 eeteros
369 3915 460 3962 nutem
475 3914 588 3962 consuis
606 3913 647 3961 lu·
686 3925 748 3960 oum
777 3925 813 3962 ne
840 3913 934 3962 vinens
965 3913 1076 3974 quidem
1106 3911 1216 3960 eaelum

122 3985 186 4034 oobs
208 3987 295 4037 Leott.
325 3987 427 4039 Venno.
459 4002 486 4052 p.
508 3990 569 4049 di„
601 3989 648 4050 qui
685 3987 752 4050 iilud
766 3989 928 4039 sdmitierot.
946 4015 974 4025 -
989 3990 1150 4050 opulentare
1163 3999 1212 4046 pro

121 4064 230 4123 egregie
239 4063 471 4116 deienditimnum'
480 4067 556 4116 iiium
563 4065 646 4126 Quin·
686 4065 878 4128 oiooupietnre,
892 4067 995 4122 ditoreu
1009 4067 1127 4127 primum
1138 4062 1209 4128 aput
