2842 4808
527 331 596 390 sus
615 327 771 390 uerutus.
840 319 844 323 ’
1112 324 1190 400 581

107 477 244 548 Viribus
265 481 300 545 ei
321 481 459 549 versute
480 478 558 568 dtu,
573 468 659 568 ¹quid
682 481 773 549 ierre
794 487 972 570 recusent,
1084 517 1094 532 =
1128 503 1132 510 ·

106 597 197 683 Quid
217 601 356 668 vuleeni
378 600 514 669 humeri.
556 598 618 671 cui
638 604 729 671 lecto
751 602 910 690 potenter
930 605 994 673 erit
1015 617 1090 695 res,
1151 605 1194 668 to
1256 688 1258 692 Ι
1339 651 1344 666 .

103 720 179 790 Nec
199 721 359 790 facundia
380 721 515 790 deseret
535 723 624 792 hunc
645 743 709 792 nee
730 725 861 794 lucidus
882 725 975 794 ordo.

105 839 245 912 Ordinis
265 843 480 912 heec‘vtrtus
501 847 565 912 erii
587 848 623 912 ei
643 865 773 928 venus,
794 848 853 914 eui
875 867 941 940 ego
962 849 1080 939 iellor,

104 961 154 1030 Ut
176 965 241 1030 iem
262 983 352 1032 nunc
374 964 465 1032 dicet
485 967 549 1032 ium
571 985 660 1035 nunc
682 967 839 1036 debentia
861 969 947 1057 dict,

104 1083 274 1173 Pleraque
296 1085 429 1152 differet
450 1089 485 1154 ei
505 1105 670 1174 praesens
690 1065 733 1154 in'
748 1092 879 1176 tempus
900 1093 1052 1180 omiiioi3

157 1278 181 1330 1.
218 1292 246 1332 v.
264 1278 309 1331 te.
329 1280 400 1332 iaec
417 1293 464 1347 eoo
482 1280 530 1332 eo.
551 1249 619 1348 (noo
637 1279 702 1348 su.)

104 1384 257 1522 wilari·
277 1385 324 1438 di.
354 1386 426 1438 houd
444 1400 502 1474 ¹spo
531 1388 563 1440 p,
590 1431 592 1435 .
619 1403 647 1443 v.
676 1391 722 1443 ts.
752 1393 842 1454 dicut,
878 1393 935 1445 icet
1024 1395 1077 1448 dici
1103 1348 1193 1450 Piero·

130 1562 182 1614 111.
219 1576 247 1616 v.
265 1561 311 1615 tt.
331 1562 420 1626 diem,
439 1564 495 1615 ione
506 1565 604 1616 --dici
620 1566 748 1632 Pleraque

102 1715 184 1768 mmm
204 1703 235 1752 io
254 1715 340 1756 onere.
360 1727 393 1740 -
409 1702 551 1769 potenter]
571 1719 630 1757 ose·
667 1710 727 1768 tur,
747 1707 851 1771 quiret
869 1721 885 1759 ι
904 1709 1098 1764 seuidrmeiae
1116 1727 1192 1776 pror·

104 1782 226 1833 cundum
241 1793 363 1846 posse,c
389 1783 551 1846 herborum,
581 1785 629 1836 eed
668 1799 714 1836 sus
728 1787 795 1838 cerii
808 1792 882 1839 suni.
919 1789 1024 1840 Seneca
1039 1790 1073 1841 de
1088 1793 1190 1857 Trenq.

102 1867 210 1914 rectum
220 1861 303 1925 gloss.
318 1863 346 1912 iu
355 1861 422 1914 Cod.
432 1861 524 1913 Turio.
536 1860 630 1916 «κατὰ
667 1877 713 1916 en.
732 1865 767 1916 8:
786 1865 839 1917 Aut
856 1880 903 1931 epo
920 1867 1002 1932 folior
1019 1877 1067 1921 out
1083 1883 1194 1938 repnum

102 1939 246 2006 δύναμιν,
277 1953 326 2004 pro
354 1941 413 2012 suis¹
435 1942 568 1993 viribus.»
593 1967 628 1978 -
667 1949 706 1995 esi
734 1944 805 1995 inter
830 1947 1080 2010 circumscriptores,
1111 1950 1194 2000 loiro-

102 2015 249 2084 socuodiu]
268 2021 323 2070 ullu
339 2021 423 2073 uirtus
440 2021 571 2072 cretionis
587 2027 629 2073 est
666 2036 729 2085 sees,
763 2023 914 2090 piopiorios
939 2039 1021 2076 unum
1050 2040 1120 2088 esse,
1139 2027 1194 2079 ‘ceti

104 2100 442 2164 quequeedicunturnon
456 2114 472 2151 s
485 2101 627 2166 scriptore,
666 2104 754 2153 noceri
773 2116 828 2152 seon
845 2105 939 2167 possit.
976 2103 1091 2169 Propter
1111 2107 1194 2169 iguo·

104 2179 152 2231 sed
174 2179 266 2242 ultro,
285 2193 317 2230 cr
335 2180 444 2244 seipsis
461 2185 542 2244 etque
559 2181 628 2230 odeo
667 2181 801 2230 rationem
820 2181 902 2232 liuius
919 2195 985 2232 usus
1004 2184 1084 2235 multi
1105 2190 1193 2236 muts·

76 2263 202 2310 mature
229 2259 338 2323 prodire
364 2258 525 2321 uideantur,
555 2258 628 2308 uude
666 2263 730 2308 runt
751 2258 797 2308 iu:
825 2259 897 2309 houd
924 2273 970 2325 epo
993 2262 1086 2326 folior.
1108 2287 1137 2300 -
1161 2263 1194 2315 tte

103 2338 218 2390 Homeri
235 2339 360 2403 poemate
378 2342 405 2389 ei
421 2337 628 2403 pictureeNico·
665 2337 721 2386 ium
735 2349 805 2386 nunc
825 2334 914 2401 diem]
934 2339 1003 2389 Vere
1024 2340 1053 2390 h.
1070 2339 1090 2389 1.
1110 2340 1194 2391 inter·

102 2417 195 2469 machi
216 2430 232 2467 ι
254 2417 365 2469 Graecis
387 2413 572 2480 αὐτοσχέδια
589 2417 628 2467 di·
666 2415 781 2479 pretuiio
796 2415 866 2466 hoec
884 2421 941 2468 eet:
968 2417 1024 2468 «tii
1043 2418 1098 2468 lum
1118 2433 1193 2470 nuno

103 2497 264 2548 cocuntur.»
282 2496 374 2547 Vicus.
401 2516 435 2532 -
462 2492 544 2558 ordo]
576 2495 628 2544 llic
666 2494 738 2545 diost
750 2507 793 2554 ee,
807 2507 920 2566 quaere
936 2509 1002 2548 reru
1015 2509 1090 2547 nuuc
1103 2498 1193 2561 ipsum
1215 2535 1220 2542 .

104 2577 203 2629 transit
220 2576 254 2626 ed
271 2567 410 2636 cudissem,
431 2587 513 2638 quem
530 2588 629 2636 τιχνο·
666 2573 721 2642 dici
738 2573 855 2630 debent,
881 2574 909 2624 id
928 2580 988 2636 est,
1016 2577 1190 2636 necessarie,

102 2650 218 2727 γράφοι
235 2651 382 2710 διάθεσιν,
404 2652 626 2716 dispositionem,
666 2651 751 2702 ruulte
776 2658 886 2714 eutem,
919 2665 989 2716 quse
1015 2653 1085 2704 elius
1112 2655 1192 2719 polite

102 2739 213 2787 cocunt.
233 2733 291 2784 Sor.
311 2732 345 2783 ed
363 2731 430 2785 Her.
445 2733 470 2792 1,
490 2732 522 2782 2:
541 2733 628 2795 dispo·
665 2736 723 2781 toio
740 2743 814 2781 succo
832 2729 936 2794 serios,
965 2733 1016 2782 etsi
1037 2743 1094 2784 non
1116 2745 1192 2796 pror·

101 2813 166 2864 sitio
186 2818 223 2863 eei
245 2812 311 2863 ordo
328 2816 353 2862 et
374 2811 541 2868 distributio,
561 2824 629 2876 quoe
666 2823 712 2860 sus
732 2811 887 2861 necessarie
911 2811 966 2862 iem
987 2813 1032 2863 hic
1057 2813 1193 2882 inculces·
1232 2836 1234 2840 ·

101 2893 284 2951 demonstrat,
315 2890 379 2955 quid
401 2889 493 2953 quibus
514 2890 544 2940 iu
566 2889 629 2939 locis
666 2893 725 2951 sei,
749 2887 858 2940 differet
878 2891 1016 2942 inlocum
1038 2893 1126 2955 magis
1144 2902 1192 2956 op-

102 2974 139 3022 s‘it
151 2971 339 3021 collocandum.
367 2968 519 3033 Opponitur
533 2965 569 3038 τῇ
582 2961 628 3019 εὖ·
666 2973 813 3032 portunum
825 2974 907 3033 stque
920 2975 1063 3035 propiores
1075 2971 1103 3021 iu
1114 2984 1191 3033 pree·

103 3051 199 3122 ρέσει,
218 3049 380 3101 inventioni.
412 3048 524 3098 deciduo
537 3051 627 3101 eutem
667 3048 877 3109 sentieomtttst‚
897 3050 984 3112 magis
1002 3049 1150 3100 artificioso
1163 3053 1190 3101 et

103 3129 171 3180 ordo
200 3129 316 3189 dicitur,
345 3127 409 3190 quie
436 3140 486 3189 per
512 3139 541 3176 se
568 3126 627 3189 ipse
667 3127 772 3189 poetico
783 3127 874 3177 ordini
888 3128 1015 3190 studens,
1036 3133 1065 3178 ut
1079 3141 1191 3192 suspeu-

103 3207 271 3272 permnltum
292 3205 397 3256 confert
424 3205 459 3255 sd
483 3215 628 3267 argumen-
666 3217 726 3254 sum
746 3208 838 3254 toneat
855 3205 1003 3265 lectorem
1036 3207 1192 3269 etquidem

102 3293 162 3337 tum
187 3287 328 3350 ipsamque
349 3285 500 3336 oretlouem
526 3283 628 3348 perspi·
667 3283 718 3339 iie,
738 3287 769 3332 ut
781 3283 959 3346 persentiscat
976 3284 1062 3334 lector
1078 3289 1189 3347 scotus,

103 3369 184 3416 cuam
205 3351 383 3417 reddentem.
415 3359 483 3414 Vide
504 3361 580 3413 roci.
599 3363 626 3424 ³,
667 3375 716 3412 cur
737 3359 812 3410 hunc
835 3360 952 3428 μῦθον,
985 3362 1055 3412 hunc
1083 3368 1192 3414 senteu-

102 3445 156 3495 20:
177 3445 224 3494 llle
241 3444 362 3509 opositis,
381 3443 423 3492 cui
437 3442 552 3492 Pierides
567 3442 629 3492 dent
667 3441 732 3491 tium
753 3439 796 3491 rel
811 3439 883 3488 lteuc
905 3440 1053 3502 imaginem
1072 3443 1189 3503 amutii,

102 3523 225 3576 comem
242 3523 333 3576 Musae
349 3521 457 3570 lumine
477 3521 554 3572 clara
569 3533 627 3582 seeo,
666 3533 699 3571 es
720 3517 844 3569 consutio
864 3523 891 3568 et
911 3531 974 3568 cum
1000 3518 1101 3570 dilectu
1125 3532 1191 3583 quo·

103 3609 228 3654 externos
245 3601 312 3652 uitii
323 3600 421 3666 *indico
439 3599 512 3650 lucie.
667 3599 729 3652 dem
749 3594 809 3661 (coo
829 3596 929 3662 umore)
947 3611 1012 3649 usus
1034 3599 1084 3660 eit,
1105 3599 1188 3660 elias,

666 3679 695 3729 in
711 3677 808 3742 quibus
824 3678 902 3740 poeta
920 3678 1040 3729 deterior
1053 3677 1135 3730 iecile
1149 3678 1189 3728 lu-

137 3758 254 3812 t‘t-ti.
274 3754 391 3822 ordini]
403 3757 534 3810 Consulto
545 3770 628 3821 quse·
665 3759 785 3809 ruricius
803 3761 893 3818 esset,
913 3758 1052 3821 supienter
1063 3759 1191 3822 spreverit

102 3839 154 3891 situ
167 3839 274 3892 videtur
292 3839 360 3888 heco
381 3837 459 3903 quusi
474 3831 626 3906 α’ναφορά.
666 3836 865 3899 reserveritque
889 3836 924 3886 ed
947 3836 1033 3887 stium
1057 3835 1190 3904 poturus

105 3943 135 3958 -
154 3913 252 3980 uenus]
271 3917 402 3981 Quinctil.
418 3917 445 3973 e,
466 3916 493 3976 ii,
513 3914 561 3965 18:
583 3915 628 3965 Ve-
664 3915 776 3976 locum,
795 3915 842 3966 ubi
861 3915 889 3966 id
910 3914 1055 3978 efficient,·
1074 3921 1104 3966 ut
1120 3915 1191 3978 prio-

101 4003 284 4058 uustumesse,
304 3997 375 4061 quod
389 4009 447 4047 cum
460 3995 552 4060 pratia
564 4007 628 4058 φια-
667 4007 729 4044 rum
749 4007 843 4045 rursus
863 4007 969 4047 memor
992 3994 1079 4046 iectus
1104 3995 1190 4045 lector

47 4131 49 4135 ,
103 4075 438 4132 dameeomereuicoiur,
457 4079 626 4136 apparet·
667 4076 811 4136 utramque
827 4074 960 4136 poematis
978 4076 1082 4137 perlem
1099 4077 1191 4122 moute

103 4161 152 4207 out
166 4158 214 4220 epo
227 4151 319 4222 failor]
339 4155 397 4208 Huc
413 4151 532 4206 termule
549 4156 628 4204 utuu-
667 4156 840 4203 connectat.»
889 4151 993 4204 Similia
1021 4154 1086 4202 suut
1115 4161 1192 4215 pree·
