2928 4794
255 241 336 308 334
589 262 726 310 nonarn
753 261 992 308 nnrsrouaauu

254 397 395 485 Semper
416 417 539 467 avarus
562 405 656 489 θροις
679 403 804 466 certum
826 405 908 474 voto
931 407 1010 486 pete
1032 401 1137 482 linem.

255 522 395 588 Invidus
418 523 556 587 alterius
578 523 754 588 macrescit
774 524 875 594 rebus
897 523 1031 607 opimis;

254 642 387 708 Invidia
408 639 514 709 Siculi
536 663 604 708 non
626 646 786 708 invenere
807 646 942 730 tyranni

241 761 367 828 ‘Marus
388 768 596 828 tormentum.
639 761 704 844 Qui
726 783 794 828 non
815 763 1041 829 moderabitur
1062 763 1147 850 irae,

253 885 418 950 Infectam
440 887 536 950 volet
556 903 648 964 csse,
671 884 767 950 dolor
789 885 877 969 quod
899 885 1043 949 suaserit
1066 888 1099 948 et
1121 903 1229 968 mens,
1296 880 1338 939 6⁰

198 1070 202 1076 ,
255 1005 337 1068 llum
360 1023 488 1090 poenas
508 974 585 1069 odio
610 1007 757 1089 pervim
780 1005 917 1069 festinat
938 1007 1055 1069 inulto.

254 1132 310 1194 Ira
332 1127 427 1191 furor
449 1127 561 1190 brevis
583 1129 651 1194 est:
673 1127 813 1220 animum
835 1143 934 1212 rege,
958 1127 1012 1209 qui
1034 1127 1096 1188 nisi
1121 1129 1231 1210 paret,

306 1301 329 1350 1.
366 1315 392 1351 r.
404 1301 456 1352 ‘5⁸1.
475 1302 608 1351 marcescit
628 1313 762 1364 superscr.
781 1302 917 1350 macrescit
935 1299 962 1350 S.

284 1404 330 1456 iv.
367 1421 394 1459 v.
414 1405 458 1457 110.
478 1408 590 1457 suaserit
607 1421 695 1456 amens
713 1406 779 1458 Ccd.
800 1407 886 1457 Vatlc.
906 1405 1005 1464 Mureti
1023 1405 1055 1456 V.
1076 1407 1107 1456 L.
1128 1407 1171 1468 18,
1191 1407 1218 1457 3.

253 1551 551 1615 itlcitiumvcsefficcre
562 1553 656 1614 ipsum,
670 1549 776 1601 Omnia·
812 1552 873 1616 finis
890 1552 1040 1615 quaerendi.
1060 1571 1093 1588 -·
1111 1548 1184 1613 veto]
1204 1549 1341 1602 ablativus

253 1643 301 1693 que
311 1630 383 1679 illius
399 1631 464 1679 vitto
478 1631 638 1690 corrumpier
649 1631 730 1678 lotus.
744 1652 773 1662 -
814 1631 1044 1693 verumtamen
1058 1631 1163 1682 dativus
1176 1643 1236 1682 voc.
1250 1631 1338 1694 fincru.

254 1709 409 1770 Sequuntur
427 1705 541 1773 γνῶμαι
565 1709 715 1767 breviores,
741 1709 784 1757 ad¹
816 1734 846 1745 -
866 1707 983 1771 invidia]
1015 1709 1109 1760 Orellii
1130 1709 1199 1771 Opp.
1221 1714 1292 1757 seni.
1316 1708 1339 1756 l.

254 1799 321 1850 quas
330 1783 505 1849 proferendas
516 1785 541 1834 ei
550 1786 723 1836 occasionem
731 1787 776 1836 de·
815 1801 841 1851 ρ.
852 1788 903 1837 22:
916 1787 1074 1860 Σωκράτης
1083 1784 1139 1837 τὸν
1150 1785 1268 1850 φθόνον
1277 1781 1340 1851 ἔφη

256 1865 294 1914 dii
306 1865 386 1914 lectio
405 1876 436 1912 ac
458 1863 675 1924 meditationis,
695 1870 724 1914 ut
740 1864 776 1924 ita
814 1865 917 1932 ψυχῆς
926 1862 1001 1916 εἶναι
1011 1867 1127 1934 πρίονα.
1148 1865 1338 1927 Menanderp.

256 1943 354 2002 dicam,
376 1940 487 1990 moralis
497 1941 619 1997 Homeri.
635 1942 776 1992 aemulari
815 1937 876 1994 198.
896 1945 954 1996 Mm-
970 1939 990 1994 d
1008 1942 1038 1994 δὲ
1061 1941 1094 1995 τὸ
1116 1940 1260 1994 κάκιστον
1282 1941 1340 1992 ιών

255 2019 501 2079 uuiem‚nifallor‚
518 2021 652 2083 eiplacuii
669 2021 777 2084 elegan-
815 2021 914 2075 κακῶν
931 2021 1065 2077 πάντων,
1086 2017 1210 2083 φθόνος.
1241 2043 1271 2066 -τ
1300 2019 1341 2068 St·

256 2105 295 2152 111
315 2098 345 2147 Ρ.
368 2098 426 2162 Syri
448 2104 474 2148 ei
496 2099 604 2149 Laberii
630 2101 777 2150 sententias
815 2101 889 2150 urli-
902 2125 912 2135 -
925 2095 1049 2162 tyranni]
1068 2099 1201 2156 Phalaris,
1222 2099 1341 2160 Agailro·

254 2177 454 2242 μονοσιίχους
471 2190 520 2238 per
540 2179 638 2228 mimos
659 2192 776 2241 sparsas.
816 2179 881 2238 cles,
895 2179 1026 2242 Dionysii.
1059 2178 1122 2226 licat
1139 2176 1216 2239 quusi
1231 2189 1341 2240 prover-

255 2255 327 2304 Fieri
344 2254 454 2317 quidem
473 2260 570 2317 potest,
591 2262 620 2306 ut
638 2271 691 2307 uns
713 2258 778 2307 slie-
817 2257 900 2306 bium.
921 2257 977 2307 Cic.
991 2257 1056 2306 dcc.
1067 2257 1093 2316 5,
1103 2254 1155 2306 66:
1176 2255 1267 2304 Sicilia
1280 2255 1341 2304 mm

255 2345 363 2383 revees
377 2332 487 2383 Graecis
505 2337 591 2397 podiis
607 2338 639 2386 sil
654 2339 777 2400 deprom-
815 2337 948 2400 quondam
964 2336 1060 2402 multos
1077 2342 1102 2385 et
1118 2335 1231 2384 cardeles
1248 2340 1341 2396 tyran·

256 2417 315 2475 pla3
349 2412 473 2476 plerique
499 2420 590 2464 lamen
622 2415 685 2466 loci·
706 2429 778 2464 com·
815 2412 1062 2477 nos.·71afectum]
1077 2412 1339 2474 Menandermsn

255 2505 352 2542 munes
368 2498 444 2548 suni.
475 2494 502 2542 in
520 2495 618 2556 quibus
636 2495 669 2544 da
691 2495 778 2543 imita·
815 2494 873 2546 ll:
897 2488 1010 2544 Maur&
1024 2489 1071 2544 d'o'
1084 2487 1278 2565 ὀργιζόμενος
1290 2485 1342 2540 ἄν·

256 2571 331 2620 tione
342 2571 418 2634 loqui
435 2571 478 2622 vix
495 2585 648 2634 possumus.
674 2572 717 2621 Sic
731 2585 778 2622 no·
815 2572 932 2644 1ιρωιιος
949 2576 1035 2632 ποιεῖ,
1054 2564 1279 2639 Ταῦτ’ὕσιερον
1292 2565 1342 2618 λά-

255 2650 302 2698 lim
322 2651 433 2699 credere
450 2665 476 2699 v.
496 2651 540 2700 55.
561 2652 778 2702 lloratiumanla
815 2650 882 2712 βοις
902 2643 940 2698 ἂν
961 2644 1165 2719 ἡμαρτημένα.
1194 2673 1226 2684 -·
1252 2643 1339 2706 omas]

256 2727 350 2776 oculos
373 2728 500 2777 habuisse
519 2725 641 2798 γνώμην
657 2729 777 2780 Alexidis
815 2729 919 2792 μένος,
949 2725 1056 2791 θυμός.
1093 2726 1191 2777 Catuli.
1218 2727 1267 2786 15,
1289 2726 1338 2775 14:

257 2806 329 2867 apud
363 2802 437 2855 Siub.
466 2806 488 2854 l.
521 2821 547 2871 p.
579 2808 639 2857 loa.
677 2807 776 2858 Galat:
816 2807 888 2856 malo
902 2819 973 2856 meas
989 2807 1112 2875 mirorque
1127 2816 1226 2856 vecors.
1246 2805 1297 2855 Od.
1312 2808 1339 2865 1,

257 2878 342 2948 ’ῥεῦμ’
359 2877 470 2950 ἡδονὴν
487 2887 640 2956 φέρουσαν
653 2882 778 2960 ὕστερον
817 2885 860 2948 ld,
879 2886 929 2934 21:
955 2885 1087 2946 compesce
1103 2891 1222 2934 mensem.
1243 2907 1274 2918 -
1294 2885 1341 2932 do·

256 2959 386 3025 βλάβην,
405 2963 446 3012 rel
466 2963 647 3015 Menandrum
668 2981 695 3030 p.
715 2968 777 3017 321.
817 2961 867 3026 lor]
888 2965 962 3026 Virg.
983 2963 1052 3014 den.
1071 2966 1096 3024 1,
1110 2964 1159 3013 25:
1178 2975 1273 3012 causac
1285 2964 1341 3014 tra-

256 3038 310 3088 M.:
335 3033 371 3089 ‘H
395 3039 452 3111 γὰρ
475 3040 659 3113 παράκαιρος
685 3040 778 3110 ἡδονὴ
816 3055 875 3091 rum
893 3045 1011 3106 suumque
1029 3043 1140 3099 dolores.
1164 3041 1251 3118 Tacit.
1266 3041 1339 3089 dnn.

257 3120 348 3169 τίκτει
365 3117 493 3185 βλάβην.
514 3147 545 3156 -
567 3123 722 3186 «Voluptas,
739 3125 778 3173 in·
818 3121 842 3176 1,
856 3121 905 3170 ll:
920 3121 996 3170 dolor
1008 3126 1032 3170 et
1045 3121 1098 3178 irc.
1118 3119 1228 3170 Arisloi·
1244 3120 1339 3182 Topic.

258 3197 329 3258 quit,
347 3199 476 3255 avaritia,
500 3199 615 3256 invidia,
639 3201 777 3251 iracundia
815 3199 843 3256 d,
859 3199 889 3247 1:
909 3193 1054 3270 011γάρὴ
1074 3194 1149 3268 ὀργὴ
1166 3201 1220 3263 τῆς
1235 3194 1340 3262 λύπης,

257 3287 305 3326 eae
325 3278 354 3326 in
374 3278 469 3340 primis
491 3285 554 3329 sunl
574 3281 657 3330 animi
675 3286 779 3343 ρειιιιι·
817 3271 879 3326 ἀλλ’
903 3271 921 3343 ἦ
948 3275 1025 3341 λύπη
1051 3274 1103 3340 τῆς
1133 3271 1226 3347 ὀργῆς
1247 3277 1340 3326 αἰτια-

257 3354 396 3416 taliones,
425 3371 610 3419 quaererem
633 3360 703 3410 vilae
725 3359 779 3408 fru-
817 3381 849 3392 -
870 3356 986 3405 ocro--
1002 3355 1106 3416 inulto]
1136 3355 1242 3405 dativus
1262 3367 1342 3405 roca-

255 3438 329 3482 cinm
342 3437 420 3485 nobis
434 3442 638 3500 currumpunt.»
649 3438 720 3501 quod
731 3451 780 3502 per
817 3434 873 3484 buli
884 3447 999 3498 poenus:
1020 3435 1101 3502 udum
1110 3434 1203 3484 odium
1217 3435 1342 3486 nondum

257 3512 407 3574 imaginem
426 3516 594 3577 significatur
613 3529 692 3568 versu
711 3517 755 3566 5-1.
817 3514 942 3564 satiatum
960 3513 1092 3564 violenier
1113 3525 1145 3573 ac
1160 3513 1343 3575 praecipimn-

291 3591 413 3641 56-61.
451 3591 516 3656 cuci]
535 3593 777 3654 Arisloi.Polii.2,
817 3599 858 3643 ter
887 3593 983 3642 ulcisci
1012 3593 1128 3648 studet.»
1169 3591 1224 3641 Alii
1250 3594 1343 3640 minus

258 3669 289 3717 7:
309 3661 431 3739 ἄπειρος
447 3665 465 3735 ἡ
482 3669 534 3736 τῆς
551 3671 707 3735 ἐπιθυμίας
724 3670 779 3734 φύ·
817 3672 938 3735 apposite
958 3671 1060 3720 lrabeat
1084 3683 1133 3734 pro
1157 3670 1278 3721 ablativo
1303 3670 1342 3719 in·

259 3761 319 3806 σις,
346 3738 382 3810 ἧς
403 3746 477 3816 πρὸς
496 3746 550 3813 τὴν
571 3745 779 3819 ἀναπλήρωσιν
817 3755 979 3806 stramem..
1015 3751 1076 3800 mit
1105 3749 1344 3813 omosrdctriem

259 3823 777 3891 οἱπολλοιζῶσιν.-ιιιιιινι-βιιινι]
817 3830 933 3885 Hasce,
962 3838 1056 3878 rursus
1078 3827 1124 3877 alii
1151 3839 1200 3890 pro
1222 3826 1344 3876 ablativo

260 3902 386 3952 amodum
406 3905 445 3952 rei
466 3903 623 3964 familiaris,
644 3905 677 3955 ad
698 3917 777 3968 quem
817 3907 921 3956 absol:
942 3907 1025 3958 coum
1045 3907 1138 3956 odium
1159 3910 1254 3954 manes
1273 3904 1342 3953 inul-

259 3981 305 4029 ubi
319 3983 485 4043 perveneris,
500 3983 577 4046 plura
591 3995 721 4046 quaerere
734 3984 778 4033 de-
815 3992 911 4036 tumr»
940 3986 987 4038 sed
1014 3990 1055 4036 est
1078 3985 1197 4044 dicium,
1227 3988 1272 4032 uic
1303 3983 1344 4032 rei

259 4061 318 4110 siue
337 4061 468 4126 bonisque
489 4065 571 4126 pariis
588 4063 679 4113 fruere
696 4074 728 4112 ac
741 4063 778 4113 vi·
814 4064 1037 4126 wlicccposnus
1045 4064 1171 4114 dederunt
1183 4075 1216 4110 ac
1229 4061 1342 4110 similia.

259 4141 329 4192 reio
361 4142 415 4193 Sal.
435 4144 466 4220 1,
486 4144 515 4204 1,
536 4143 579 4193 52.
612 4144 725 4205 Denique
744 4143 778 4190 sit
819 4165 849 4176 —
875 4139 1000 4205 festinet]
1033 4155 1151 4205 ‹rpoenar
1180 4140 1343 4196 festinanter
