2888 4810
527 287 602 382 'ans
624 335 775 384 conates.
1114 315 1190 384 ⁵71

110 475 235 526 odom
257 473 394 526 θαιιαιιιιι
415 474 499 533 iuvit,
529 485 593 529 mac
615 473 729 524 Brutum
753 479 778 523 ct
804 471 919 524 Conium
944 479 1043 524 secutur
1062 469 1099 536 (a.
1119 487 1147 523 ιι.
1168 487 1193 522 c.

110 554 184 620 712.)
203 569 320 610 sancasio
337 557 426 608 reditu
436 557 563 618 petitione
574 557 702 606 bonorum
714 556 857 616 abstinuit,
876 557 956 606 donoc
967 557 1039 606 ultro
1052 557 1195 606 ambiretur

110 641 226 692 delutum
243 639 276 690 ub
294 639 410 703 Auqusto
427 639 591 690 contutatum
609 640 733 701 occipere.
770 638 872 691 Consul
889 645 980 690 autem
999 639 1127 690 collectas
1143 638 1196 688 init

110 737 136 774 a.
156 738 186 774 ιι.
205 737 230 772 c.
250 723 312 774 7³1.
332 723 440 774 iterum.
477 721 511 775 Αι
530 736 639 782 vereor,
659 728 688 771 ιιι
706 723 786 772 holus
805 723 941 786 opinionis
960 723 1079 774 saniores
1093 727 1195 786 tempo-

110 821 172 856 rum
194 806 313 856 rationes
332 807 396 855 satis
415 806 608 869 perspexerint.
645 805 696 856 Cn.
716 806 790 856 enim
806 804 869 866 Piso
888 811 982 869 pater,
1009 808 1055 870 qui
1074 819 1100 855 a.
1120 819 1148 854 u.
1168 809 1210 854 c.'

110 889 172 940 708.
198 889 334 940 Διιιιιιιιιιι
355 903 413 938 cum
434 891 591 940 Maurorum
609 889 712 938 circiter
737 885 819 938 tstbm
842 889 945 939 milibus
962 890 1090 952 appamia
1113 885 1193 952 (Bell.

109 969 247 1034 tint),
278 972 423 1022 cuiuan.
443 972 535 1032 illius,
566 973 703 1022 utstatim
722 972 886 1028 videbimus.
920 972 1019 1024 iamu.
1038 987 1066 1022 u.
1086 986 1111 1022 o.
1130 971 1193 1022 ¹128.
1283 969 1287 980 ¹

111 1056 221 1108 Tiberio
234 1057 395 1119 obsequium
410 1056 528 1106 tribuere
541 1061 658 1119 poterat,
673 1056 830 1106 adolescens
844 1057 1041 1118 igltnrcirciter
1051 1056 1194 1106 minimam

109 1140 169 1193 XX·
184 1153 319 1192 annornm
336 1144 400 1190 tunc
414 1144 488 1199 erat,
509 1140 565 1203 ipse
578 1153 686 1202 quoque
700 1145 821 1202 tempore
834 1141 898 1190 belli
911 1140 1031 1190 Airieani
1050 1141 1194 1190 minimam

109 1223 264 1281 vicenarius
285 1237 345 1274 esso
369 1221 501 1279 debebat,
533 1228 612 1274 natus
639 1235 703 1285 ergo
729 1222 810 1282 aaa„
844 1223 949 1274 Horatii
973 1223 1031 1274 iere
1052 1223 1192 1287 aequalis,

110 1307 207 1358 consol
225 1321 252 1356 a.
269 1307 331 1358 731.
351 1320 424 1357 anuo
441 1320 505 1366 suo,
525 1311 554 1359 ιιι
573 1307 712 1366 dicebant,
729 1307 831 1357 -XLHL
869 1307 927 1358 lam
941 1307 1012 1370 quod
1026 1307 1059 1358 ad
1073 1309 1193 1358 Gnaeum

109 1391 192 1440 huius
209 1390 297 1440 illium
314 1391 428 1450 attinet,
454 1390 576 1440 Caesaris
596 1389 775 1450 Germanici.
801 1395 830 1440 ut
847 1389 920 1440 sama
939 1395 1014 1451 erat,
1041 1389 1195 1443 interiecto·

109 1487 183 1534 rem,
204 1474 262 1536 ipse
281 1475 309 1526 in
327 1474 476 1532 codicillis,
502 1479 649 1536 antequam
668 1474 719 1522 sibi
739 1478 854 1524 mortens
874 1475 1055 1524 conscisceret
1074 1487 1099 1522 a.
1120 1487 1148 1524 ιι.
1167 1487 1193 1524 c.

109 1555 193 1616 77³„
221 1555 255 1606 ad
274 1557 412 1608 Tiberium
434 1557 590 1619 compositis
610 1557 677 1606 baec
695 1569 803 1619 quoque
823 1557 950 1620 scripsitz
975 1569 1024 1618 per
1041 1557 1151 1620 quinque
1169 1559 1195 1606 et

109 1640 290 1702 quodroqintc
313 1653 444 1690 annosum
466 1641 631 1704 obsequium,
658 1654 708 1702 per
733 1640 866 1704 colleqium
890 1639 1195 1702 consulatus-quandum

108 1723 172 1770 divo
188 1720 305 1784 dupusto
320 1725 428 1784 parents·
446 1730 492 1773 tuo
507 1723 636 1786 probatus
649 1748 660 1758 ·
672 1748 683 1759 ·
695 1723 805 1772 salutem
825 1723 934 1788 infelicis
954 1723 1005 1786 filii
1026 1734 1101 1785 rupo.
1127 1721 1193 1773 Tae.

108 1804 184 1854 Anu.
203 1804 235 1864 3,
255 1805 298 1854 to.
343 1805 443 1858 Consul
464 1812 555 1857 autem
575 1807 681 1858 volente
699 1807 738 1855 sic
756 1806 878 1867 Angusto
897 1819 961 1856 cum
979 1805 1089 1856 Tiberio
1106 1803 1194 1854 inerat

109 1903 135 1940 a.
155 1905 185 1940 ιι.
203 1900 229 1937 c.
248 1888 310 1938 7117.
331 1891 484 1953 erravitque
503 1891 541 1950 is,
573 1892 619 1955 qni
645 1893 739 1940 Festos
763 1891 858 1939 Dionis
883 1889 967 1940 Cassii
985 1890 1062 1940 libris
1081 1886 1194 1950 praeligi

109 1973 204 2024 solitos
222 1974 357 2034 coniecit,
385 1987 447 2022 cnm
466 1972 587 2024 Gnaeum
605 1980 724 2036 patrem,
751 1974 894 2024 consulem
911 1972 1054 2022 salientum
1073 1985 1098 2022 a.
1118 1985 1147 2021 u.
1168 1983 1192 2020 o·

108 2057 192 2118 731.,
220 2059 316 2108 iterum
335 2056 494 2117 consulem,
526 2058 573 2106 sed
591 2053 766 2120 ἐπώνυμον,
798 2057 890 2105 statuit
908 2056 974 2108 anni
997 2054 1059 2106 iti.
1108 2055 1141 2104 Ει
1160 2055 1194 2104 de

107 2141 161 2190 hoc
187 2142 283 2191 eodem
306 2140 396 2191 Gnaeo
422 2139 520 2189 Pisone
542 2139 598 2190 illio
622 2140 749 2202 equidem
773 2139 937 2201 interpretor
961 2140 1048 2189 Tacit.
1067 2137 1139 2188 Anu.
1159 2139 1193 2197 1,

109 2224 172 2282 13.;
200 2237 264 2274 nam
283 2225 470 2288 patremqni,
491 2223 513 2272 si
532 2223 656 2278 vivebat,
685 2214 749 2270 tunc
768 2235 854 2282 paene
872 2223 1061 2284 octogenarius
1080 2221 1193 2280 luisset,
1290 2281 1294 2288 ⁸

108 2307 192 2358 nimis
211 2307 370 2359 incredibile
389 2313 428 2358 est
448 2306 614 2369 principatus
633 2317 762 2366 capacem
780 2317 898 2367 eumque
918 2317 1051 2366 occupare
1064 2315 1194 2353 ausurum

108 2391 203 2440 inisse.
252 2392 310 2442 hm
337 2391 359 2440 si
388 2390 516 2440 Horatius
541 2389 635 2439 Artem
665 2388 799 2450 poeticam
829 2388 981 2450 scripsisset
1009 2387 1079 2437 intra
1106 2398 1193 2435 annos

107 2472 277 2534 tao-⁷35„
297 2475 403 2524 Gnaeus
422 2473 494 2524 illius
507 2483 579 2522 sano
596 2473 695 2520 iuvenis
708 2471 799 2520 vocari
813 2475 933 2533 poterat:
954 2471 1001 2520 sed
1014 2482 1076 2520 cnm
1090 2469 1193 2531 omnia,

109 2558 138 2608 in
157 2558 252 2620 primis
270 2559 410 2609 maturitas
429 2557 562 2620 quaedam
581 2555 662 2605 totins
680 2554 894 2616 compositionis,
915 2567 965 2604 nos
983 2553 1054 2602 hanc
1073 2552 1195 2616 scriptio·

109 2654 174 2690 nem
186 2641 220 2690 ad
234 2641 343 2690 ultimos
357 2641 453 2704 poetae
465 2652 552 2688 annos
565 2625 667 2690 referre
681 2638 805 2697 iubeant,
819 2638 908 2687 virum
921 2637 1030 2686 circiter
1042 2635 1193 2686 XXXVlll.

108 2735 246 2774 annornm
265 2725 329 2774 satis
349 2723 497 2773 absurdum
517 2722 612 2771 inisset
631 2722 667 2769 ita
686 2721 842 2784 appellare,
863 2725 891 2770 ut
908 2719 982 2769 iacit.

161 2807 280 2868 Dignum
297 2812 338 2858 est
356 2811 506 2856 memoratu
527 2805 613 2865 illud,
646 2799 718 2867 quod
741 2805 823 2854 tradit
844 2802 1010 2868 Porphyrius
1044 2801 1098 2850 oln
1120 2801 1195 2850 hunc

107 2889 210 2938 librum
236 2891 373 2952 congessit
398 2895 540 2953 praecepta
562 2888 731 2950 Neoptolemi
758 2885 812 2938 sod
830 2887 985 2956 Παριανοῦ
1005 2886 1038 2935 de
1057 2891 1117 2935 arte
1133 2885 1196 2948 poti·

108 2974 180 3032 tica,
200 2985 256 3022 non
269 2973 379 3038 quidem
393 2973 500 3032 omnia,
519 2971 566 3021 sed
581 2972 822 3020 eminentissima.»
850 2968 900 3032 (De
913 2968 1091 3032 Neoptolemo
1103 2967 1194 3028 Pario,

109 3057 189 3118 poeta
208 3062 235 3106 ct
261 3057 458 3119 grammatico,
485 3055 547 3107 vide
574 3053 726 3104 Villoisonii
751 3045 883 3102 Prol.'ad
906 3052 939 3102 ll.
965 3065 992 3115 p.
1012 3047 1107 3112 XXX.)
1136 3050 1195 3098 Hoc

109 3143 209 3210 autem,
220 3138 286 3200 fingi
305 3140 348 3190 vix
367 3143 488 3201 poterat,
508 3137 574 3193 sed,
594 3141 623 3185 ut
641 3141 768 3199 apparet,
788 3137 961 3196 desumptum
979 3139 1020 3184 eet
1038 3147 1068 3182 ex
1083 3133 1195 3194 antiqno

109 3221 202 3284 aliquo
222 3220 295 3272 Artis
314 3222 435 3284 politicae
455 3221 620 3284 interprete,
651 3219 796 3280 inquibus
819 3217 869 3266 init
892 3217 1034 3264 Terentius
1059 3215 1193 3274 Scaurus,

109 3306 246 3354 Hadriani
272 3305 428 3370 temporibus
455 3304 643 3368 psammeticus
669 3301 709 3350 uel
734 3301 909 3350 nobilissimus
935 3295 1017 3361 (Gell.
1044 3299 1095 3351 11,
1120 3292 1194 3358 15,),

109 3389 187 3437 cuins
207 3373 458 3438 commentariolum
476 3389 505 3435 ιιι
520 3386 607 3436 Artem
618 3387 749 3448 politicam
767 3383 875 3432 Horatii
893 3381 987 3430 librum
1010 3382 1042 3430 X.
1063 3383 1196 3430 memorat

110 3470 249 3522 Charisius
267 3485 294 3533 p.
315 3470 384 3526 1⁸2,
403 3470 430 3520 5.
450 3475 477 3520 ιι
495 3469 564 3528 188,
590 3468 632 3518 17.
651 3469 681 3523 P·
719 3467 806 3529 atque
824 3465 936 3514 omnino
956 3463 1049 3512 multis
1066 3463 1095 3512 in
1113 3463 1195 3512 rebus

110 3559 219 3604 secmm
237 3559 278 3604 est
297 3554 423 3604 Horatius
441 3552 686 3602 Alexandrinorum
703 3549 942 3612 grammaticorum
963 3545 1112 3596 doctrinas.

159 3635 264 3684 Passim
284 3636 435 3698 comparari
454 3649 517 3685 cum
536 3633 687 3699 praeceptis
707 3631 861 3683 Horatianis
881 3634 992 3694 possunt
1010 3628 1063 3678 loci
1084 3641 1115 3677 ex
1136 3626 1196 3676 Ari-

109 3720 214 3770 stotelis
232 3719 302 3768 libro
321 3719 387 3788 περὶ
404 3717 575 3783 ποιητικῆς,
605 3730 661 3766 non
679 3721 770 3765 umen
794 3718 852 3773 tot,
881 3717 946 3776 quot
964 3710 1091 3762 nonnulli
1110 3711 1196 3760 loter-

112 3809 202 3866 pretes
221 3801 406 3852 similitudinis
425 3802 542 3864 quadam
561 3800 652 3862 specie
670 3798 777 3860 decepti
795 3797 950 3848 voluerunt.
998 3794 1091 3845 Minoa
1102 3795 1197 3844 etiam

111 3885 262 3948 probabilis
293 3890 336 3934 est
365 3897 469 3934 eornm⁴
490 3881 647 3944 sententia,
681 3883 728 3945 qui
757 3881 877 3931 Platonis
908 3878 1061 3931 Phaedrum
1092 3877 1197 3928 Horatii

111 3969 251 4030 exemplar
268 3967 586 4027 inisse'cuntenderunt,
614 3966 664 4015 etsi
683 3965 828 4028 praecipue
847 3963 969 4014 doctrina
987 3960 1052 4010 illa:
1083 3960 1197 4022 Denique

110 4054 145 4103 sit
172 4051 283 4114 quodvis
304 4051 415 4112 simplem
437 4052 579 4100 dumtocut
601 4055 627 4100 st
649 4061 732 4098 meum
752 4052 779 4096 ct
801 4059 872 4110 quae
896 4045 929 4110 ad
957 4033 1018 4094 ιιιιι
1046 4042 1196 4106 pertinent,

111 4135 184 4198 apud
204 4138 349 4198 utrumqne
368 4134 551 4198 reperiuntur.
638 4173 641 4182 .
