2842 4808
538 296 606 344 aas
627 295 780 343 ronrrca.
1117 271 1201 344 657

171 443 233 502 lam
264 459 333 504 vero
360 445 391 501 ln
413 447 493 502 tanta
515 443 677 504 dramatum
707 445 895 518 satyricorum
916 443 1090 508 Graecorum
1117 447 1200 519 copia

10 521 11 524 ’
52 531 58 534 “
110 523 198 594 atque
225 521 414 596 excellentia,
448 521 619 576 intentatum
642 520 700 583 ,hoc
729 536 818 590 genus
842 524 872 577 ut
898 525 1034 578 tractaret
1066 522 1201 578 facillime

9 601 10 610 ‘
111 597 243 654 llcmano
263 595 349 652 alicui
370 597 400 652 in
423 600 547 652 mentem
570 595 670 653 venire
690 599 822 669 poterat3
844 597 971 652 omnium
989 597 1107 653 minime
1128 613 1200 654 sane

98 672 248 740 ¹Horatio,
270 672 318 742 qui
341 675 444 728 natura
464 686 516 727 sua
536 686 553 726 a
574 674 633 730 tcto
653 686 758 740 genere
781 673 896 729 scenico
919 674 1078 731 excolendo
1093 672 1198 732 abnor-

112 747 211 815 relrat‚
246 761 360 818 neque,
395 751 426 802 ut
444 747 564 818 opinor,
595 746 650 802 hoc
668 747 823 818 satyricum
844 763 935 816 genus
957 747 1014 818 ipsi
1034 749 1200 815 tragoediae

113 837 168 878 neo
188 823 302 894 priscae
325 837 473 893 novaeque
492 823 658 878 comoediae
675 819 848 877 Graecorum
867 826 984 894 propter
1001 823 1200 894 nescioquam

110 913 229 953 causam
249 898 441 968 praelerebat.
470 897 508 952 At
520 913 589 954 vero
610 899 752 970 quomodo
772 898 877 955 iactum
901 900 964 966 est,
986 900 1017 955 nt
1040 901 1099 955 tarn
1116 913 1201 959 accat·

9 997 15 1006 r
112 978 174 1029 rate
199 973 262 1028 eins
285 975 364 1042 leges
385 976 564 1043 exponeret,
588 973 671 1040 vitia,
693 987 767 1044 quae
790 973 820 1026 in
840 988 874 1028 eo
896 973 1034 1033 committi
1054 977 1199 1044 poterant,

112 1048 204 1104 vitare
233 1047 416 1104 hortaretur?
450 1047 542 1104 liunt
562 1048 678 1118 quidem
704 1047 889 1121 (Pomponius
917 1065 947 1120 p.
975 1047 1035 1122 37.)
1066 1049 1201 1122 opinatus

111 1126 173 1190 est,
197 1115 553 1194 «Horatium,'quomodo
573 1124 674 1178 drama
699 1123 855 1196 satyricum
882 1127 960 1178 recte
981 1123 1198 1194 institueretur,

112 1198 295 1265 ostendisse,
329 1200 360 1253 ut
379 1197 516 1254 Romanis
546 1198 631 1254 huius
661 1197 994 1266 generis'imitationcm
1023 1215 1076 1270 pro
1104 1199 1201 1256 mimis

9 1331 11 1346 ,
111 1276 142 1330 et
160 1272 306 1328 Atellanis
323 1274 566 1332 commendaret.”
616 1273 724 1332 Verum
746 1273 818 1330 haec
840 1289 947 1341 genera
969 1275 1127 1348 placebant
1148 1289 1201 1348 po-

9 1347 11 1370 '
108 1351 201 1420 ¹polo,
236 1351 304 1417 apta
336 1351 418 1403 erant
452 1349 580 1406 moritum
612 1347 690 1404 illins
722 1349 880 1418 temporis,
915 1349 1045 1406 dramate
1074 1351 1202 1421 satyrico

9 1473 10 1476 ,
111 1423 291 1492 semigraeco
317 1423 363 1480 vix
385 1425 493 1494 expelli
524 1427 658 1494 poterant
679 1437 696 1478 e
714 1438 803 1480 scena
828 1424 942 1480 Latina.
983 1424 1059 1492 Quid
1084 1425 1200 1488 multat

110 1497 185 1555 taini
207 1513 322 1569 semper
341 1498 434 1554 uisum
456 1501 517 1567 cst,
539 1498 594 1554 hoc
612 1499 707 1570 ipsum
731 1514 821 1568 genus
844 1498 953 1568 inisse,
974 1499 1006 1554 in
1026 1515 1082 1570 quo
1101 1501 1200 1556 elabo-

111 1588 178 1631 rare
201 1573 256 1628 sihi
279 1572 461 1648 proposuerit
483 1574 576 1632 maior
594 1571 749 1642 Pisonum,
770 1589 836 1632 eum
853 1590 885 1630 se
906 1575 1127 1647 incoeperam,
1150 1575 1199 1646 qui

107 1647 222 1719 patrias
257 1647 370 1704 &mnas
412 1649 521 1705 ditaret
562 1663 692 1720 novaque
740 1650 831 1718 gioria
859 1649 997 1705 adiceret.
1062 1645 1200 1707 Horatius

112 1738 183 1780 vero
214 1724 304 1794 probe
340 1725 519 1794 perspiciens
550 1725 677 1781 tabulam
709 1725 864 1796 satyricam
895 1725 1014 1780 minima
1046 1725 1201 1785 convenire

112 1799 158 1854 sni
179 1798 316 1868 temporis
330 1799 458 1857 moribus
480 1803 509 1856 et
522 1800 644 1868 deliciis,
666 1801 754 1857 immo
775 1801 929 1858 admodum
953 1813 1199 1871 supervacaneam

114 1889 199 1941 esse,
220 1872 378 1929 calliditate
391 1887 520 1945 prorsus
537 1875 656 1946 egregia
680 1875 893 1930 adolescentem
917 1874 953 1930 ab
973 1890 1008 1930 ea
1027 1876 1057 1930 in
1082 1891 1202 1932 scenam

113 1948 301 2020 producenda
321 1950 492 2020 absterruit,
522 1949 588 2006 oum
610 1949 793 2020 praevideret
818 1950 867 2007 vix
892 1951 977 2005 aliter
1002 1951 1065 2006 ticri
1095 1965 1198 2021 posse,
1244 1995 1247 2000 .

107 2037 200 2096 quan
221 2027 252 2084 ut
270 2024 379 2082 runicus
395 2025 548 2084 ridiculum
568 2041 600 2082 se
622 2025 774 2093 redderet;
808 2039 883 2099 qnae
906 2025 1022 2100 quidem
1046 2026 1204 2096 ignominia

9 2083 10 2088 ¹
107 2113 131 2154 a
143 2098 310 2173 calpurniis
324 2099 475 2156 Pisoniirus
491 2101 648 2156 avertenda
661 2104 734 2155 erat.
774 2100 822 2155 Sic
842 2100 964 2168 similis,
983 2101 1037 2156 sed
1053 2102 1202 2172 aliquanto

112 2175 276 2232 manuam
296 2173 427 2237 delinita,
451 2189 518 2230 mea
531 2176 569 2230 de
584 2175 615 2230 tr.
631 2177 652 2231 l.
667 2179 712 2229 cst
733 2175 831 2244 opinio
841 2175 1011 2230 notissimae
1031 2177 1202 2233 illiuswie·

106 2250 290 2321 tauritanae,
324 2252 354 2305 et
395 2249 574 2306 Scholiastae
610 2250 641 2312 iu
667 2249 740 2308 (lod.
770 2251 894 2324 Vindpb.
922 2249 955 2308 lt.
979 2251 1056 2323 apud
1088 2242 1203 2328 Passow

72 2340 73 2345 ¹
112 2339 143 2396 p.
160 2323 340 2386 exult:
361 2324 525 2388 «Horatius
548 2325 616 2380 lacit
637 2325 715 2380 hune
735 2323 839 2380 libram
859 2325 962 2454 almiois
984 2325 1055 2393 suis,
1077 2327 1152 2397 patri
1172 2330 1203 2382 et

111 2401 200 2468 alm,
231 2415 355 2470 quorum
375 2401 468 2456 maier
484 2403 551 2460 erat
570 2401 693 2472 scriptor
714 2400 1049 2456 comoed'arnmc:
1079 2400 1201 2474 (condo-

110 2475 178 2534 nari
201 2474 256 2530 hoc
275 2476 362 2530 debet
380 2477 497 2534 suediae
520 2477 623 2542 aetatis
646 2473 816 2548 scriptoriri
841 2475 910 2534 item
929 2475 1110 2535 Schotiastac
1124 2476 1201 2534 litae-

112 2551 270 2619 nangensls
290 2551 411 2608 inediti:
435 2551 588 2620 «Pisones,
610 2551 780 2610 nobilissimi
797 2551 931 2618 Romani,
953 2551 1076 2608 aliorum
1094 2552 1201 2624 scripta

113 2625 288 2696 reprehendi
321 2625 470 2695 videntes,
502 2640 539 2682 ne
567 2629 644 2681 retr
670 2627 878 2695 publicetis
913 2625 990 2680 idem
1022 2626 1204 2696 contingeret

114 2702 265 2768 timentes,
296 2699 466 2770 Horatium,
502 2702 572 2764 artis
593 2701 724 2772 politicae
745 2701 885 2771 optimum
905 2705 1144 2774 praeceptorem,
1172 2705 1204 2757 nt

110 2791 166 2904 cop
180 2775 215 2831 in
233 2775 387 2838 ordiendo
406 2777 591 2844 ,instituerem
607 2780 823 2844 rogaverunt.»
872 2777 979 2834 vorum
999 2775 1054 2834 troc
1074 2777 1112 2834 ud
1123 2775 1201 2836 'ridi-

111 2865 151 2910 cu
165 2865 212 2906 uua
232 2852 356 2908 accedit.
1119 2857 1126 2864 '

419 3099 891 3164 exconsulem.

508 3219 561 3278 ΑΙ)
581 3235 627 3278 w.
648 3219 809 3278 aaa-233,

168 3387 336 3450 Dilucidum
362 3387 544 3459 exemplum,
577 3389 721 3459 quomodo
746 3390 776 3450 iu
803 3389 935 3454 dramate
954 3389 1081 3462 satyrico
1100 3389 1204 3450 Graeci

113 3467 244 3532 miserint
267 3465 343 3522 arrio
366 3464 460 3527 stunc,
495 3463 615 3537 praebet
635 3461 783 3537 Euripidis
809 3464 913 3538 Syleos
943 3466 1020 3536 apud
1053 3465 1203 3524 Philonem

113 3543 183 3618 περὶ
213 3541 269 3598 rori
285 3541 389 3598 πάντα
419 3537 588 3597 σπουδαῖον
615 3536 694 3600 εἶναι
719 3539 890 3617 ἐλεύθερον.
921 3538 978 3597 Ed.
1007 3540 1086 3613 Lips.
1109 3541 1143 3600 T.
1166 3543 1202 3600 V.
1232 3566 1234 3570 ⁴

113 3605 476 3690 p.290:⁵'1deporivota
496 3632 518 3671 π
564 3607 744 3696 Ἐὐριπίδῃ
794 3611 865 3684 poio
884 3613 1078 3692 ὁῚΙρακλῆς·

170 3737 171 3742 ,
227 3685 310 3768 Πρὸς
324 3683 414 3746 ταῦτ’
439 3685 494 3744 ἴτω
512 3631 572 3764 ἔν
590 3687 672 3764 πῦρ,
694 3686 748 3744 ’ίτω
768 3631 800 3746 gd
819 3685 981 3765 φάσγανα·

265 3764 273 3784 Ι

317 3781 376 3835 pap,
393 3759 694 3854 udrardaroctpuac,
711 3758 912 3852 c'pnipjodrptl
920 3783 989 3840 ,μου

227 3771 268 3822 tlt

227 3781 331 3896 limo
349 3830 490 3895 κελαινὸν
509 3853 597 3910 αιμα·
616 3831 741 3914 πρόσθε
759 3855 820 3914 pap
839 3855 925 3894 κατω
1046 3891 1048 3897 ,

228 3911 289 3986 [ῆς
307 3905 384 3969 εἶσιν
403 3907 526 3988 ἄστρα,
547 3911 586 3986 γῆ
605 3903 630 3966 δ’
646 3905 752 3979 ,drauo'
777 3915 819 3974 ets
838 3909 977 3989 αἰθέρα,
1025 3933 1027 3938 ‘

210 3981 306 4076 ¹Ilp'tv
325 3983 358 4054 ἐξ
379 3981 455 4077 ἐμοῦ
475 4003 525 4041 σοι
544 3979 625 4042 θῶπ’
650 3983 831 4060 ἀπαντῆσαι
849 3983 951 4064 λόγον.
1002 4023 1005 4034 „

114 4058 214 4118 Πάλιν
241 4078 297 4117 τον
325 4053 426 4116 αὐτον
441 4053 612 4116 ’σπουδαῖον
637 4055 695 4135 οὐχ
722 4057 801 4138 ὁρᾷς
809 4099 821 4128 ,,
851 4054 898 4117 ὅτι
924 4055 993 4118 οὐδὲ
1011 4059 1206 4138 πωλούμενος

204 4179 294 4213 nonar.
314 4179 370 4214 ror..
390 4179 421 4212 u.
1030 4168 1070 4229 42
