2920 4792
514 326 580 372 ιιι.
602 328 636 372 ιι.
679 329 753 375 sar.
783 329 827 376 vr.
1129 315 1208 385 237

129 421 298 513 Imprimat
320 421 390 508 bis,
412 441 509 510 cura,
530 425 715 493 Maecenas
735 432 832 518 signa
855 433 997 498 tabellis.

126 539 276 622 Dixeris,
298 543 480 625 Experiar:
506 541 545 608 Si
567 548 634 624 vis,
658 552 774 632 potes,
796 549 890 614 addit
912 554 946 616 et
969 553 1081 618 instat.

123 655 298 741 Septimus
320 665 442 726 octavo
465 667 603 747 propior
622 668 685 730 lam
708 665 834 754 fugerit
855 687 979 752 annus,
1165 671 1206 732 40

123 777 176 840 Ex
200 798 266 862 quo
289 780 475 845 Maecenas
497 802 548 846 me
570 787 681 868 coepit
703 785 827 852 babere
849 809 984 854 snorum

122 897 161 959 ln
185 916 342 979 numero,
363 898 536 966 dumtaxat
556 902 600 966 ad
622 903 702 986 boc,
724 923 818 988 quem
840 909 960 974 tollere
981 909 1085 975 rbcda

120 1015 235 1080 Vellet
257 1019 324 1082 iter
344 1018 473 1083 iaciens
493 1024 528 1084 et
550 1022 602 1086 cul
624 1023 828 1088 concredere
850 1045 959 1112 nugas

172 1289 194 1337 Ι.
233 1303 261 1341 ι.
281 1289 326 1340 33.
346 1293 477 1355 anadlios
496 1293 558 1344 bSc.

121 1510 227 1555 nerent.
250 1506 460 1556 Festiveantem
475 1507 645 1560 bosseribae
684 1515 821 1576 umquam
858 1515 977 1576 vicario,
1015 1519 1201 1579 signabantur.

58 1587 59 1592 ’
120 1597 252 1644 munere,
272 1585 345 1647 quod
355 1586 426 1635 inter
439 1589 562 1638 tenuiora
576 1595 643 1648 erat,
683 1589 738 1639 Cir.
754 1591 828 1640 Suet.
843 1592 902 1641 Oct.
918 1594 962 1642 50.
977 1594 1137 1658 -DiaertaJ
1158 1597 1203 1648 «Sl

119 1660 185 1709 olim
200 1675 230 1710 se
246 1661 370 1710 iunctam
383 1675 443 1713 esse
457 1670 538 1727 atque
550 1667 644 1714 etiam·
683 1679 734 1726 ego
752 1668 777 1715 ei
795 1671 982 1730 respondero»
1000 1677 1051 1721 cet.
1077 1673 1202 1724 Ceterum

120 1752 195 1786 nunc
209 1739 274 1788 inde
288 1752 317 1788 ae
330 1740 483 1791 molestiam
492 1743 598 1792 trabere
611 1745 645 1793 si·
683 1743 792 1794 adverte
822 1759 976 1796 sermonem
1016 1750 1203 1810 quotidianum

119 1817 645 1883 gnificat,prcrsnasecurnsmtrumpro-
683 1835 731 1882 per
756 1823 806 1872 bos
831 1839 872 1873 ιι.
903 1825 1059 1874 felicissime
1089 1829 1204 1890 singulis

120 1899 180 1955 pter
188 1895 243 1941 hoe
255 1894 344 1956 ipsum
355 1909 369 1944 a
380 1896 522 1945 ditioribus
532 1903 561 1946 ut
571 1898 646 1948 liber·
683 1899 772 1948 verbis
789 1905 816 1948 et
834 1903 955 1950 numeris
968 1917 1076 1966 qnoque
1093 1918 1204 1968 expres-

119 1972 645 2032 ttnopntrenntmetacritaderideretur
682 1989 752 2025 sum.
785 1978 867 2027 lieete
884 1980 957 2028 enim
972 1980 1073 2032 Bothe:
1096 1979 1203 2044 «Quam

120 2061 218 2096 necne.
228 2074 258 2084 —
271 2047 646 2116 Quinteffamiiiariterprae·
682 2052 762 2102 iacile
778 2061 835 2104 crat
849 2070 956 2105 versum
965 2056 1103 2107 elumbem
1117 2061 1202 2122 erige·

119 2125 232 2174 nomine
254 2127 389 2188 collegam
413 2129 479 2178 olim
498 2144 577 2180 snum
599 2145 645 2194 ap·
682 2143 712 2178 re
729 2132 768 2179 sie
786 2133 943 2182 scribendo:
977 2135 1081 2183 Roscius
1098 2136 1134 2183 od
1151 2138 1202 2185 Pn-

120 2203 224 2265 peilant
233 2205 351 2253 scribae.
363 2227 391 2240 -
403 2205 512 2270 renuti]
534 2223 644 2259 «rursus
682 2207 736 2256 teat
751 2209 801 2257 sibi
813 2223 872 2258 cras
886 2211 982 2264 orabat
995 2212 1094 2261 odmsea
1104 2213 1132 2259 t»
1152 2213 1202 2262 Ve-

119 2280 214 2330 adesse
229 2280 399 2342 incollegio,
420 2284 466 2332 abi
482 2284 643 2347 daregravi
682 2299 742 2334 ram
774 2287 862 2336 dedita
897 2302 978 2350 opera
1010 2290 1048 2338 sie
1084 2291 1202 2338 scribere

120 2362 200 2420 atque
213 2357 414 2422 inexspectata»
427 2355 563 2422 (videlicet
576 2365 645 2414 scri-
683 2364 779 2412 noluit.

120 2435 170 2495 bis,
191 2436 393 2497 combinatio,
413 2443 442 2486 ut
456 2451 561 2490 revera
575 2447 642 2501 erat,
716 2439 840 2488 tro-ta.
878 2437 1024 2502 Septimus]
1056 2441 1123 2490 Cum
1148 2443 1202 2490 lio·

119 2513 187 2563 levis
206 2519 289 2576 atque
307 2515 403 2576 exigua
422 2517 573 2577 rideretur,
593 2520 644 2567 sibi
683 2517 766 2565 ratius
783 2529 809 2565 a.
828 2531 856 2566 n.
876 2529 900 2565 c.
915 2517 977 2565 713.
992 2518 1019 2564 in
1036 2517 1201 2566 Maecenatis

120 2589 643 2658 tamenmolestaalnquaeqneadipsum
683 2595 892 2644 familiaritatem
903 2599 1027 2656 receptus
1037 2597 1086 2654 sit,
1106 2608 1137 2644 ex
1150 2596 1202 2644 boc

122 2681 231 2731 quoqne
264 2683 326 2719 cum
357 2673 452 2720 ceteris
482 2675 644 2736 perliceret,
682 2667 742 2721 loeo
762 2677 874 2734 apparet
899 2674 969 2721 banc
993 2672 1109 2721 satiram
1128 2673 1202 2736 'scri-

120 2747 332 2796 eonsnitandnm
352 2753 452 2797 esset.»
489 2750 529 2798 Ite
549 2751 644 2800 scribis
682 2755 754 2812 ptam
768 2763 828 2799 esse
841 2750 1062 2800 excubastes.
1084 2750 1115 2800 ln
1124 2764 1200 2813 seqq.

119 2838 271 2886 eorumque
293 2826 409 2874 decuriis
431 2826 481 2876 eir.
495 2828 551 2878 Cic.
566 2829 643 2879 Verr.
682 2828 805 2877 consulto
823 2833 949 2878 extenuat
971 2841 1048 2877 snam
1069 2842 1130 2878 cum
1156 2843 1202 2892 po·

121 2901 185 2951 Aac.
209 2901 235 2957 ³,
258 2903 301 2952 19.
682 2907 852 2955 lenteamico
865 2907 1104 2966 necessitudinem,
1120 2907 1202 2968 signi·

155 2979 200 3028 38.
222 2979 265 3028 33.
303 2978 464 3042 imprime]
492 2983 550 3031 lloe
569 2988 645 3044 rogat
682 2982 812 3032 flcansse
836 2986 869 3034 ab
889 2985 1037 3032 ambitione
1058 2983 1143 3046 longa
1162 2997 1203 3034 re-

121 3058 218 3105 tertius
240 3057 342 3119 aliquis
367 3058 449 3107 bomo
475 3061 643 3120 negotiosus.
682 3065 785 3109 motum
799 3073 857 3110 csse
877 3075 964 3124 neque
982 3074 1103 3123 unquam
1121 3075 1202 3122 nego·

120 3134 267 3184 Maecenas
281 3138 371 3183 antem
384 3135 456 3184 circa
475 3141 580 3198 tempus
598 3151 645 3200 pu·
683 3137 725 3186 tiis
747 3138 872 3187 civilibus
892 3141 925 3187 ab
948 3140 994 3188 illo
1013 3139 1203 3188 administran-

121 3223 192 3271 gnae
206 3210 333 3260 Actiacae
347 3225 372 3260 a.
388 3226 415 3260 u.
429 3226 454 3260 c.
468 3213 530 3261 72³.
551 3214 644 3262 ltaliae
682 3215 723 3263 dis
741 3227 800 3262 sese
822 3216 946 3276 ingerere
970 3215 1089 3264 solitum.
1128 3215 1203 3262 Gete-

121 3288 273 3351 praeiectns
292 3288 415 3338 Caesaris
425 3289 565 3340 Octaviani
579 3305 646 3341 anu·
684 3306 742 3340 rum
754 3292 832 3343 .bnec
858 3292 950 3339 omnia
973 3291 1034 3340 κατ’
1054 3291 1202 3358 εἰρωνείαν

120 3365 178 3413 lum
205 3367 386 3426 signatorium
411 3352 514 3416 babuit.
551 3369 645 3418 Mense
682 3369 735 3419 dici
762 3373 887 3430 apparet3
917 3368 1017 3416 etenim
1036 3367 1070 3416 de
1089 3367 1149 3414 aliis
1171 3380 1203 3414 ac

120 3442 646 3506 demumbscembrttgrippsstadien-
683 3446 851 3508 gravioribus
873 3446 966 3504 rebus,
993 3443 1151 3506 praesertim
1170 3442 1202 3492 ad

120 3524 180 3568 etus
190 3525 231 3568 eat
243 3526 325 3582 atque
340 3521 431 3570 itidem
443 3522 555 3571 anulum
570 3535 646 3573 acce·
683 3509 777 3586 poesin
791 3529 817 3583 et
835 3523 937 3570 litteras
956 3521 1139 3583 spectantibus
1157 3533 1203 3568 eos

121 3599 169 3660 pit.
201 3599 253 3648 Ilio
266 3599 344 3648 Cass.
357 3599 402 3658 51,
416 3599 442 3649 3.
474 3600 544 3650 Plio.
560 3600 604 3660 ³7,
618 3603 643 3660 1,
683 3599 1204 3662 interaeplerumquacollocutosesse

120 3677 164 3726 to.
187 3701 218 3711 -
240 3677 363 3726 Tarbellae
381 3690 450 3739 qaae
471 3677 586 3737 nterim,
607 3678 646 3727 di·
683 3679 895 3728 consentanenm
914 3682 963 3726 est.
984 3697 1015 3712 ·-
1045 3671 1204 3735 dumtornt]

39 3809 42 3816 Δ
121 3756 214 3805 cinare
234 3770 291 3806 non
314 3769 473 3818 possumus:
500 3757 586 3806 initae
608 3757 646 3806 di·
684 3757 791 3825 «μέχρι
810 3753 937 3813 τούτου,
955 3753 1204 3815 nonampliusnec

122 3831 222 3894 ploma,
243 3833 318 3894 quod
328 3829 455 3882 dicebant
465 3829 562 3896 (Tacit.
574 3834 644 3883 illst.
684 3833 803 3881 minus.»
818 3857 847 3868 ·-
863 3832 951 3880 tollere
962 3829 1053 3892 abedo]
1065 3833 1203 3892 «recipere

120 3910 146 3970 2,
158 3909 194 3958 st
206 3914 232 3958 et
248 3905 324 3971 65.),
339 3909 449 3970 qnodut
459 3915 547 3959 ratum
560 3909 645 3969 lieret,
684 3910 811 3959 comitem
829 3910 858 3957 ln
878 3909 1016 3957 rhodam.»
1042 3906 1099 3956 Liv.
1114 3907 1157 3964 35,
1172 3905 1203 3952 ti:

121 4000 137 4035 a
164 3987 327 4037 Maecenate
353 3987 552 4047 obsignandum
571 3989 647 4036 erati
684 3987 820 4049 appellat,
839 3993 907 4034 atre
924 3983 1205 4034 snbiatnminlem·

121 4063 158 4112 Ea
177 4069 252 4113 certe
273 4063 441 4125 antiociae,
461 4069 525 4113 tune
542 4065 576 4114 ab
589 4065 646 4112 eius
685 4064 745 4113 barm
763 4065 799 4112 od
818 4063 909 4125 Cotum
927 4062 1066 4111 deveheret.

206 4175 301 4204 nonar.
322 4173 378 4204 vor..
399 4173 427 4204 rr.
1025 4152 1072 4220 ,17
