2916 4796
507 313 574 360 ffl-
594 267 619 386 1.
662 311 765 358 meter.
786 307 842 356 vti.

132 446 308 524 „Occultum
330 451 425 523 visus
447 449 626 516 decurrere
648 451 750 534 piscis
770 446 813 513 od
836 446 980 534 hemum,

130 571 237 636 Mune
259 572 366 638 eliens
386 574 421 636 et
443 571 506 635 iun
530 575 643 638 certus
666 572 828 648 convive,
855 570 987 634 iubetur
1177 561 1214 624 75
1287 622 1291 630 .

129 689 225 770 liure
247 691 441 756 suburbano
462 691 597 756 indictis
617 709 729 758 comes
751 692 799 756 irc
821 691 961 760 Latinis.

128 811 313 897 Inpositus
334 813 464 876 muntiis
485 829 600 876 ervum
622 812 816 895 coelumque
837 792 997 876 Sabinum

127 909 205 996 Non
228 934 340 1016 cessei
363 932 516 997 tendere
553 932 653 998 Videt
679 931 830 1016 ridetquc
855 931 1046 1016 Philippus,
1135 939 1138 949 “

128 1052 191 1138 lit,
214 1053 278 1116 sibi
302 1052 376 1116 dum
400 1054 564 1138 requiem,
587 1051 662 1116 dum
683 1055 771 1116 risus
793 1050 938 1136 undique
962 1051 1110 1136 quaerit,

126 1173 212 1237 Dum
235 1177 364 1258 septem
386 1172 490 1236 donet
511 1174 684 1259 sestertio,
706 1177 819 1238 mutue
840 1175 969 1257 septem
994 1151 996 1155 V
1172 1166 1215 1228 8⁰

124 1293 313 1380 Promittlt‚
337 1293 516 1379 persuadet
538 1295 586 1358 uti
609 1297 775 1360 mercetur
791 1293 961 1382 ugellum

128 1415 316 1486 Mereatur.
360 1415 411 1481 Ne
433 1418 467 1481 te
490 1415 819 1504 longisumltugllius
841 1415 930 1479 ultre

180 1589 203 1640 1.
241 1604 268 1641 r.
286 1588 332 1641 tu.
352 1593 432 1640 etium
451 1590 494 1641 lic.
507 1613 514 1640 a
532 1605 558 1643 v.
578 1590 623 1641 80.
644 1591 714 1640 Dum
732 1603 868 1653 superser.
890 1589 954 1638 Tum
966 1588 994 1640 S.
1014 1585 1059 1652 (Ut
1071 1601 1136 1649 nee,
1157 1583 1214 1652 lte.)

157 1697 204 1746 tv.
240 1711 267 1749 r.
286 1696 331 1780 75.
351 1698 432 1747 etiem
450 1710 521 1747 sente
538 1697 628 1776 Bentl.
648 1711 723 1760 susp.
743 1697 836 1748 dubie.

128 1841 273 1892 excidisset
300 1834 337 1906 in}
355 1839 440 1890 Codd.
465 1839 548 1903 eliu,
580 1840 654 1890 serie
693 1839 807 1890 manni»
826 1839 884 1904 (est
900 1838 1003 1889 euimul
1019 1839 1164 1904 lryhridum
1183 1851 1216 1890 ex

128 1920 250 1982 expletus
270 1924 311 1969 est
329 1931 445 1970 versus:
469 1919 556 1978 Hine,
579 1916 652 1976 Huc,
691 1932 763 1982 equo
776 1923 803 1970 et
813 1919 890 1968 asine
903 1914 1020 1979 nutum.)
1034 1943 1062 1954 -
1078 1913 1215 1979 Salicum]

128 1997 193 2058 Aet,
214 1999 299 2062 depos
333 1997 386 2048 Sed
405 1995 455 2047 cir.
475 1997 543 2060 lipp.
561 1997 597 2057 2,
616 1997 652 2055 6,
692 1998 749 2047 litei
766 2009 893 2060 ceperum
906 2002 964 2046 eret
977 1997 1065 2046 solum
1080 1995 1217 2058 trigidius·

127 2076 189 2127 136.
202 2102 232 2113 -
242 2071 332 2139 piscis]
346 2082 398 2127 eut
410 2076 533 2139 piseim
553 2076 654 2126 omissa
692 2090 745 2140 que
766 2076 871 2128 caelum
892 2076 1041 2134 Sabinum,
1061 2080 1151 2125 tumen
1169 2075 1217 2124 lto·

127 2159 157 2204 ut
177 2167 259 2218 secpe
280 2155 492 2217 comparationis
510 2154 652 2217 particule.
692 2154 1024 2218 minivixunqueme‘utre
1035 2153 1111 2207 Urbis
1124 2165 1216 2205 muros

126 2253 159 2270 ··
178 2230 303 2296 domum]
322 2232 589 2297 Oplporiseouviviis
609 2235 654 2284 de·
692 2234 801 2294 erugari
815 2233 904 2293 solito,
924 2231 1217 2296 amoenissimus-vide·

126 2311 278 2362 lectultutur
296 2312 437 2376 Phiiippus
451 2316 519 2362 teste
532 2311 654 2363 Varrone
692 2312 771 2361 betur
780 2307 1059 2374 trecium-reputem]
1073 2311 1153 2360 udum
1165 2307 1216 2358 sibi

127 2389 160 2440 tt.
173 2392 207 2441 tt.
219 2391 253 2452 6,
268 2391 299 2452 3,
316 2391 343 2441 e.
357 2414 390 2427 -
403 2389 496 2456 elim]
517 2390 567 2442 eir.
581 2393 655 2442 Butt·
691 2391 819 2454 nudique,
833 2389 1046 2453 quoquomodo,
1060 2388 1217 2438 oblectatio·

128 2483 212 2519 menn
235 2471 309 2519 Erit.
332 2469 402 2519 Bibl.
423 2471 457 2530 3,
482 2469 515 2530 1,
539 2483 566 2532 p.
592 2470 653 2521 390.
692 2483 756 2518 nem
774 2469 1016 2518 ueroereutionem
1033 2466 1215 2516 elucentibus

127 2548 278 2610 «Quotidie
290 2552 437 2610 petronem
450 2548 595 2599 sulutetum
610 2562 654 2600 ve·
693 2548 809 2611 negotiis
835 2551 939 2612 peret.»
970 2546 1038 2608 *Qui
1062 2544 1215 2608 explicant:

126 2625 239 2688 elebat,
260 2639 324 2676 eum
340 2627 369 2676 iu
385 2626 475 2676 iorum
493 2626 652 2688 deducebat,
693 2627 930 2680 «deversoriolum
952 2625 1062 2688 aliquod
1081 2625 1157 2673 inter
1169 2622 1218 2672 Uo

126 2713 153 2759 et
174 2705 351 2770 quotidianus
373 2718 457 2769 prope
475 2706 589 2760 convive
609 2703 655 2756 66-
693 2708 755 2758 bem
775 2711 802 2756 et
820 2705 951 2756 Sabinum
972 2718 1070 2763 suum,
1097 2701 1144 2752 ubi
1166 2701 1217 2752 iter

126 2787 202 2836 bet.»
226 2783 342 2834 Bentleii
358 2797 430 2834 cortu
445 2786 554 2833 monive
567 2789 653 2844 esset,
692 2785 796 2835 inciens
814 2784 884 2848 apud
898 2785 1008 2835 Menum
1026 2782 1153 2832 clientem
1169 2779 1218 2829 uli.-

128 2865 200 2928 uqui
209 2877 286 2924 sero,
307 2876 369 2914 curu
384 2864 467 2912 ceteri
484 2863 587 2913 iamdiu
600 2865 655 2914 dis·
693 2868 758 2927 quot
767 2863 847 2914 hores
858 2864 993 2914 interdum
1006 2862 1128 2924 degeret:
1138 2875 1152 2906 6
1164 2859 1218 2910 hoe

126 2942 288 3003 cubuerint‚
311 2943 413 2993 venit.»
439 2965 468 2976 -
487 2942 653 3006 suburbana]
693 2943 826 2992 in-verltis
842 2942 907 3005 ipsis
922 2941 1011 2992 inesse
1028 2941 1217 2990 demonstrare

126 3024 155 3075 li.
169 3023 190 3073 l.
206 3023 319 3083 inegro
338 3021 449 3071 Sabino.
463 3045 494 3058 -
515 3023 654 3072 indiction
693 3021 837 3070 uenenum.
858 3045 893 3054 -
909 3017 993 3082 mue]
1015 3018 1216 3082 «praevident,

125 3099 250 3164 Latinis]
268 3101 362 3152 Fertne
374 3099 487 3150 Latinae
501 3113 557 3150 nen
571 3105 654 3151 statue
693 3113 775 3162 uuum
789 3099 919 3149 ridiculus
932 3097 1039 3151 iuturus
1052 3101 1124 3149 esset
1139 3095 1219 3145 rusti-

126 3186 222 3236 66661,
243 3180 291 3229 sed
309 3180 484 3242 conceptivue
502 3173 529 3228 et
542 3185 656 3244 quoten—
693 3191 741 3228 cus
762 3189 859 3240 praeeo
878 3176 923 3226 ille
944 3178 1165 3226 subremanet.»
1182 3195 1218 3206 -
1308 3201 1310 3207 ,

126 3248 652 3310 nisiudicebuntureconsnle.lleerols.
693 3257 762 3306 Dum
786 3253 896 3316 septen]
922 3253 1051 3303 Consulto
1077 3251 1218 3314 negligen-

125 3339 184 3389 Set.
204 3338 229 3398 1,
254 3337 297 3387 16.
326 3336 401 3387 Suet.
423 3336 518 3386 Claud.
539 3337 566 3387 l.
596 3338 654 3386 lem
693 3336 763 3385 tiore
790 3345 917 3382 sermone
943 3345 1008 3382 usus
1031 3336 1074 3381 est
1101 3343 1150 3393 pro
1175 3328 1218 3378 lrie

126 3431 192 3467 cum
210 3428 258 3479 per
276 3400 450 3478 quetridnum
468 3415 600 3465 iustitium
615 3429 656 3466 es·
693 3412 767 3462 iero:
790 3427 804 3457 u
813 3423 847 3460 eo
864 3411 942 3474 'quod
961 3409 1059 3461 Menae
1081 3409 1164 3458 donat
1180 3407 1219 3457 di·
1253 3473 1254 3476 Ἴ

126 3501 184 3556 set,
206 3495 313 3558 petroni
332 3507 478 3544 censerunt
499 3498 526 3543 et
542 3495 655 3556 quicum·
693 3491 805 3540 midiom
819 3495 922 3553 perlem
936 3489 1031 3553 pretii,
1046 3501 1100 3552 quo
1114 3485 1219 3549 ugellus

126 3588 182 3639 que
210 3573 336 3625 uirilibus
361 3573 476 3635 negotiis
501 3560 655 3635 implicatus
694 3575 848 3629 erueretur,
875 3569 991 3618 alterum
1012 3573 1134 3617 mutuum
1154 3565 1217 3628 dui,

126 3659 197 3714 erut,
216 3653 320 3702 otiandi
334 3664 431 3712 ceusu,
452 3650 595 3702 comitibus
607 3651 656 3700 eli·
693 3649 718 3700 ei
737 3649 904 3712 persuadet»
924 3653 976 3698 eet.
1013 3647 1220 3698 Lectionl.l'um

126 3737 195 3796 quot
213 3743 307 3781 secum
325 3731 446 3790 eductis,
465 3729 654 3780 rusticehutur.
692 3729 769 3778 loeus
794 3733 867 3778 certe
890 3741 945 3777 non
967 3731 1007 3776 est
1026 3740 1115 3790 neque
1140 3727 1220 3778 Proe-

125 3811 171 3861 Sie
190 3808 267 3861 feriis
289 3809 394 3858 Latinis
413 3807 585 3858 sciuerouo
605 3807 656 3856 flu·
693 3807 800 3857 dieowli
814 3807 880 3856 lum⁴
919 3805 1021 3868 Septem
1037 3812 1129 3856 autem
1144 3807 1221 3857 milio

129 3893 234 3953 guntur
250 3888 335 3940 hante
352 3888 381 3936 in
398 3883 655 3950 Scipionismiooris
684 3884 728 3934 tt.
746 3883 773 3934 S.
799 3884 921 3935 efficiunt
941 3884 1010 3934 371.ι
1023 3885 1156 3936 Thuleroe
1173 3883 1221 3934 Se-

126 3969 213 4019 ltortis
233 3980 375 4016 sermones
395 3965 428 4015 de
445 3965 613 4028 re'pulilicu.
693 3963 803 4012 runicus
826 3977 847 4013 s.
871 3963 933 4013 666.
954 3962 1064 4012 Floren.
1082 3963 1171 4013 Rhen.
1190 3975 1218 4014 s.

160 4045 278 4098 77-85.
311 4038 581 4106 imposituemomttr]
602 4041 656 4091 ‹tei-
693 4041 756 4091 titt.
776 4043 873 4092 trane.
891 4042 998 4094 llelret.
1016 4063 1047 4076 -
1066 4036 1220 4102 Mereatur]

127 4127 168 4177 sie
192 4125 237 4180 rel
258 4125 376 4184 1116666,
405 4123 449 4172 cui
471 4121 555 4173 iuneti
577 4124 656 4171 erent
694 4120 758 4171 site
781 4133 846 4174 rere
874 4121 995 4184 sequitur
1016 4118 1133 4184 Philippi
1155 4131 1219 4168 nou·
