2920 4792
231 273 311 346 266
580 285 729 348 'rionnru
750 303 949 350 sn'ititiilitim

464 712 466 716 Ι
548 592 835 728 8111111Ι
864 591 990 686 vri.

231 796 422 900 Iamdudum
444 799 596 862 ausculto
618 802 652 862 et
674 801 812 883 cupiens
833 800 892 863 tibi
913 797 1025 864 dicere
1046 817 1167 864 servus

232 915 346 982 Peuce
365 917 556 982 reformido.
600 912 788 983 Davusne?
810 921 880 1003 lto,
901 919 1033 994 Bevus,
1054 920 1193 983 umieum

267 1109 326 1158 vlt.
370 1109 460 1159 Virtus
479 1111 583 1159 comice
603 1111 683 1159 huius
704 1111 750 1160 Su·
788 1112 891 1160 exiure
910 1110 1006 1159 saltem
1025 1115 1139 1158 naturae
1152 1123 1208 1158 non
1221 1109 1310 1159 mino·
1345 1137 1347 1144 ·

233 1190 300 1238 tirae
314 1189 341 1236 in
355 1202 387 1237 eo
401 1189 516 1237 menime
529 1184 658 1248 cernitur,
679 1189 750 1250 quod
774 1189 863 1238 'ribus
881 1188 1017 1250 nequitiae
1034 1199 1066 1235 uo
1076 1187 1203 1236 stultitiae
1213 1187 1309 1248 poenis

233 1266 309 1328 tingit
323 1267 389 1316 Daui
407 1268 478 1317 servi
490 1267 706 1316 Saturnaliornm
720 1267 751 1314 ii·
788 1265 874 1315 teneri
889 1267 945 1316 sive
961 1261 1178 1334 μεκροδούλοος
1190 1265 1248 1317 sire
1260 1279 1310 1329 με·

234 1345 322 1394 centie
346 1345 480 1393 abutentis
510 1358 663 1394 sermonem
684 1343 751 1393 Stoi·
788 1341 997 1409 γαλοὸούλους.
1028 1339 1147 1404 (Anien.
1173 1343 1259 1404 Epiet.
1280 1344 1308 1399 1,

234 1436 297 1471 cum
312 1435 439 1483 magnum
451 1429 553 1483 partem
567 1421 683 1484 Crispini
694 1435 751 1471 are·
789 1423 814 1479 1,
833 1418 889 1482 55.)
909 1420 1002 1482 Aeque
1018 1433 1084 1470 uero
1100 1433 1133 1469 ne
1150 1421 1250 1473 servuli
1268 1433 1310 1470 su-

233 1499 317 1560 tniogi
331 1500 441 1549 ianitori,
451 1501 601 1550 subiectum
611 1513 680 1550 esse.
700 1500 751 1548 Vo-
789 1499 889 1561 pientia
906 1499 1037 1551 tectorem
1056 1499 1171 1549 delectet
1186 1500 1310 1548 eiusdem

233 1576 319 1625 iuitne
329 1571 406 1638 ὦςὲν
416 1579 550 1648 παρέργῳ
559 1577 752 1642 significarem·
790 1577 947 1639 petulantia,
962 1578 1007 1636 itu,
1028 1582 1067 1637 ut,
1087 1577 1149 1628 κατ’
1159 1579 1310 1648 εἰρωνείαν

234 1654 753 1718 diouloexempio,importunumphiio·
790 1655 913 1718 quidem,
943 1656 970 1703 in
986 1659 1106 1704 mentem
1125 1656 1203 1704 nobie
1219 1655 1312 1705 ueniat

178 1765 181 1773 s
234 1733 365 1795 eophundi
378 1735 502 1782 morbum
515 1735 569 1783 iem
584 1735 687 1782 tantum
697 1746 751 1781 non
790 1733 877 1792 iliius,
899 1734 970 1795 quod
988 1734 1058 1782 serio
1071 1733 1136 1782 dixit
1149 1733 1309 1783 Plutarchus

232 1812 368 1872 mancipia
387 1811 536 1862 invasisse?
561 1812 639 1861 Certe
657 1824 751 1859 omnes
790 1811 823 1859 du
841 1811 930 1859 cohib.
945 1811 1049 1862 irati:
1069 1807 1227 1872 αἴσχιστόν
1248 1809 1313 1861 ἐστι

234 1893 298 1937 tnnc
308 1889 752 1952 noveranttotumcrispiniuispn-
790 1887 950 1950 φαίνεσθαι
959 1885 1130 1959 δικαιότερα
1139 1887 1192 1938 τοῦ
1207 1884 1311 1938 δεσπό-

234 1966 310 2015 tandi
335 1978 423 2026 genui
441 1967 596 2027 molestum,
617 1967 750 2030 putidum,
791 1979 843 2014 του
866 1963 991 2028 λέγοντα
1009 1963 1063 2016 τὸν
1083 1967 1221 2030 οἰκέτην,
1248 1979 1310 2014 cum

234 2045 303 2095 rude
320 2038 386 2105 (Sat.
402 2047 427 2106 1,
443 2047 468 2105 1,
484 2045 543 2096 110.
564 2047 589 2101 1,
604 2047 630 2104 3,
645 2047 705 2096 139.
726 2047 751 2103 1,
791 2043 919 2104 mancipii
945 2044 1065 2105 nuperis,
1086 2044 1133 2092 sed
1155 2043 1309 2102 veracibus,

233 2128 260 2188 1,
275 2123 347 2190 ilai:
375 2122 439 2187 (quo
450 2125 483 2173 de
493 2137 592 2186 genere
602 2125 752 2174 Stoicorum
791 2121 900 2169 monitis
922 2125 1094 2182 opponentur
1111 2121 1169 2170 heri
1183 2121 1247 2170 teliu
1261 2122 1311 2170 sibi

234 2205 410 2267 conqueritur
432 2203 513 2253 otium
539 2203 675 2265 Epictetus
704 2202 753 2251 Ar·
791 2199 872 2247 obiici
893 2199 1026 2260 indignati
1047 2199 1134 2248 rabies
1155 2204 1236 2261 etque
1249 2212 1312 2261 grn-

235 2283 305 2332 riuni
323 2282 349 2342 3,
372 2281 422 2330 21:
454 2281 490 2330 Oi
513 2277 550 2330 τὰ
575 2278 753 2350 θεωρήματα
790 2277 952 2327 νὀειηίοοε.

234 2355 435 2421 ἀναλαβόντες
453 2356 548 2422 ψιλὰ,
568 2353 660 2422 εὐθὺς
676 2355 753 2409 αὐτὰ
825 2354 1121 2414 Nihilominus,unmtn
1129 2357 1311 2420 semetipsum

234 2434 370 2503 ἐξεμέσαι
396 2430 614 2498 3έλοοσιν,.ὡς
638 2437 668 2486 οἱ
687 2451 754 2487 στο-
791 2432 936 2495 opprobria
963 2433 1040 2494 larga
1070 2447 1153 2482 menn
1185 2434 1312 2496 ingerere

234 2507 358 2579 μαχικολ
388 2513 443 2580 τήν
470 2511 595 2583 τροφήν.
631 2513 753 2583 Πρῶτον
790 2510 910 2567 videtur,
931 2511 1072 2559 hominnm
1090 2511 1170 2573 volgo
1187 2517 1269 2575 atque
1283 2513 1311 2562 in

173 2651 174 2656 η
234 2590 309 2645 αὐτὸ
328 2594 448 2658 πέψον,
466 2588 518 2642 ete‘
537 2586 615 2642 οὕτω
632 2589 674 2656 μὴ
696 2585 754 2652 ε’ξε-
792 2589 885 2650 primis
899 2589 1016 2638 inimiuie
1039 2590 1094 2638 ouis
1111 2591 1255 2652 signifieat,
1275 2596 1313 2641 ta·

123 2704 128 2714 .
232 2673 335 2742 μέσῃς.
356 2697 368 2706 -
386 2696 397 2739 .'
416 2669 474 2730 Τὰς
486 2664 592 2739 ἀρετάς
609 2683 664 2720 σου
682 2664 754 2733 ἡμῖν
791 2667 858 2715 lium
872 2667 905 2715 do
919 2679 947 2715 se
961 2667 1060 2716 iudicia
1079 2669 1312 2732 partiminiqnio-

233 2743 345 2810 δεῖξον,
365 2745 399 2797 ἵν’
417 2744 536 2809 ἴδωμεν,
556 2741 603 2797 ὅτι
622 2744 754 2810 prodiq-
791 2757 836 2802 ra,
865 2745 963 2805 purtim
983 2759 1093 2807 promus
1115 2745 1183 2796 falsu
1199 2749 1313 2797 minime

234 2840 289 2886 κας
307 2827 371 2886 ταῖς
391 2818 543 2887 ἀληθείαις
558 2824 654 2874 τιτῶν
672 2823 755 2884 φιλο-
792 2823 891 2871 distare
904 2825 938 2872 ab
960 2824 1007 2879 iis,
1028 2838 1097 2886 quae
1115 2838 1130 2874 ε
1148 2827 1245 2888 quovis
1259 2840 1313 2878 ser-

234 2899 351 2964 οόφων.
370 2893 413 2950 Οὔ
422 2908 429 2923 ·
440 2893 500 2949 ἀλλ’
517 2897 653 2962 ἐλθόντες
664 2895 754 2950 οἰκού-
792 2901 855 2952 vuio
867 2901 926 2950 fieri
941 2907 968 2950 ot
985 2903 1087 2964 possint
1097 2904 1254 2965 etsoieunt;
1274 2907 1313 2954 in-

235 2979 307 3028 σατέ
321 2993 380 3042 μου
394 2975 501 3039 σχόλια
513 2975 677 3044 λέγοντος.)
694 2979 753 3028 Iam
792 2980 888 3041 dignos
913 2981 995 3042 igitur
1018 2994 1078 3030 esse
1098 2994 1160 3032 suos
1181 2984 1313 3034 obtrecta-

179 3123 184 3130 ·
236 3057 301 3117 quid
318 3055 527 3117 exspectandum
544 3061 615 3116 erut,
636 3057 683 3106 ubi
698 3055 754 3106 Cri·
792 3064 882 3118 tores,
902 3060 999 3120 quihus
1012 3061 1114 3110 directo
1135 3064 1311 3124 respondeat,

237 3135 362 3198 opinione
381 3135 514 3197 supientia
532 3147 547 3183 n
568 3147 646 3185 servo
667 3137 754 3185 trude·
793 3138 922 3200 omnique
936 3138 1120 3188 confutatione
1135 3140 1217 3201 longe
1236 3153 1312 3203 prue-

141 3264 144 3270 ,
235 3216 331 3265 retur?
350 3227 456 3266 enervo
470 3213 572 3263 domini
585 3227 692 3277 semper
701 3214 755 3264 elu-
793 3220 864 3265 stare
890 3216 1008 3279 lepidam
1034 3217 1177 3266 stultorum
1202 3219 1314 3268 derisio-

236 3295 350 3344 mantis:
381 3291 447 3343 Ποῦ
472 3293 548 3358 εἷμα·
569 3286 624 3342 Ἕν
649 3293 752 3364 σχολῇ.
792 3308 866 3344 nem.
903 3295 942 3343 lte
959 3295 1058 3344 talibus
1084 3297 1157 3345 enim
1178 3310 1228 3347 suo
1255 3299 1313 3347 iure

235 3373 295 3423 Καὶ
313 3366 463 3422 α’κούουσί
481 3387 541 3438 μου
560 3373 654 3436 τίνες,
672 3371 754 3436 Λέγω
793 3374 883 3430 dicere
894 3378 1016 3435 poterut:
1031 3367 1205 3444 Ἄνδράτοδα
1217 3375 1313 3426 ταῦτα

234 3447 310 3514 μετὰ
334 3445 390 3499 τῶν
414 3447 603 3512 φιλοσόφων.
633 3445 753 3512 (Αττίεο.
793 3447 851 3503 otiu
878 3449 955 3502 οἶδεν
976 3447 1045 3502 οὐδὲ
1068 3456 1112 3515 τίς
1133 3453 1210 3516 εἰμι,
1244 3449 1313 3505 οὐδὲ

237 3529 349 3591 Epictet.
375 3528 402 3586 1,
425 3529 451 3586 1,
474 3524 549 3589 138.)
576 3527 675 3577 Verum
691 3541 755 3576 ecoe
793 3529 851 3582 τοῦ
869 3546 929 3595 μου
949 3527 984 3581 τὸ
1002 3526 1118 3596 ἀγαθὸν
1139 3531 1190 3580 καὶ
1209 3529 1245 3582 τὸ
1264 3549 1314 3582 κα-

237 3619 342 3655 summe
356 3619 418 3654 eum
429 3606 563 3667 elegantia
573 3606 755 3656 uoiestivitate
793 3607 865 3671 κὸν,
897 3603 944 3658 ὅτι
970 3604 1006 3659 οὐ
1037 3607 1185 3678 πρόσοδος
1213 3607 1318 3674 αὐτοῖς

236 3680 756 3754 tractaturuapdoo§ovStoioumhomi·
794 3685 868 3758 πρὸς
883 3684 919 3737 τὰ
938 3684 1005 3753 ἐμοί.
1037 3683 1158 3750 (Arrium.
1182 3689 1269 3750 iipiot.
1288 3689 1314 3749 1,

238 3762 471 3824 nesvolupterios,
490 3762 651 3817 luxuriosos,'
668 3763 757 3822 signo·
794 3767 828 3825 5,
847 3761 904 3826 31.)
934 3789 965 3800 -
991 3766 1096 3828 Scripta
1122 3767 1229 3816 videtur
1246 3780 1272 3815 u.
1288 3780 1315 3817 u.

238 3855 298 3912 rum
311 3839 519 3902 tabularumque
534 3840 665 3902 picturum
683 3841 757 3902 cupi·
796 3857 821 3892 ο.
841 3843 903 3892 735.

239 3921 320 3970 ditate
331 3920 465 3981 abreptos,
477 3920 755 3980 avaros‚ndulatores,
832 3923 857 3970 1.
867 3923 894 3970 1.
915 3921 1070 3970 Iamdudum
1083 3920 1214 3984 ausculto]
1232 3923 1319 3972 uium-

240 4012 296 4048 non
314 4000 403 4049 minue
414 4012 505 4050 servos
523 4012 597 4060 esee,
617 4013 698 4063 qnam
711 4000 757 4062 qui
798 4001 843 4049 diu
863 4001 973 4049 auribus
990 4005 1068 4062 capto
1084 4005 1110 4049 et
1131 4002 1215 4051 veluti
1235 4015 1320 4051 venor

239 4079 348 4141 proprie
361 4078 400 4128 rie
416 4078 554 4140 dicuntur,
575 4084 601 4128 ot
617 4083 760 4142 propterea
798 4079 1026 4142 opportunitatem
1048 4079 1204 4142 loquendi.»
1234 4080 1319 4132 Grsn.
