2928 4794
237 288 316 356 ³22
580 303 717 350 unaarn
739 303 976 348 unrsroracun

238 449 353 531 Liber,
375 445 575 530 honoratus,
598 442 751 526 pulcher,
774 461 833 506 rex
858 441 1000 525 denique
1021 459 1154 527 regum,
1195 483 1204 492 -

147 633 152 637 .
239 565 424 651 Praecipue
445 583 564 641 sanus,
588 563 649 628 nisi
674 581 745 627 cnm
770 564 887 647 pituita
911 563 1049 625 molesta
1071 565 1133 628 cst.

239 787 297 846 sam
310 794 491 846 ratiunculam
504 793 573 843 salse
587 793 670 842 ridet:
692 792 760 842 «nisi
800 791 865 841 mibi
877 790 989 840 molesia
1000 787 1061 854 estc)
1076 791 1161 852 Τίνος
1170 782 1225 840 oo'v
1235 785 1324 840 ἕνεκα

239 889 300 926 cum
328 875 422 937 pituita
451 867 563 922 molesta
593 878 633 922 est
657 876 682 921 et
702 872 759 930 tibi,
799 877 898 940 χεῖρας
917 865 1003 932 ἔχεις,
1029 864 1214 935 ἀνδράποδον
1223 884 1233 926 ,·
1263 865 1324 928 οὐχ

240 961 266 1004 et
297 954 374 1002 nobir
406 952 601 1001 auditoribus.»
652 951 760 999 Arrian.
799 945 848 998 ἵνα
867 949 917 997 καὶ
929 943 1107 1018 α’πομύσσῃς
1122 944 1265 1003 canerem
1289 970 1321 982 -

240 1033 326 1094 lipict.
347 1033 373 1090 t,
393 1030 419 1079 o.
440 1044 466 1092 p.
487 1029 539 1084 36:
567 1029 624 1078 Nat
647 1026 761 1090 (ἑπέτυ-
799 1027 848 1075 καὶ
859 1024 893 1076 τὰ
904 1024 1001 1076 torace
1016 1039 1078 1073 narn
1091 1024 1177 1086 pergit
1187 1024 1214 1079 m
1224 1024 1323 1074 eadem

239 1125 293 1170 χον
311 1103 527 1172 seductiones)
546 1101 609 1155 ἀλλ’
622 1107 655 1154 αἱ
671 1101 761 1169 μύξαι
801 1105 891 1166 putida
912 1104 1029 1163 imagine
1047 1101 1320 1164 lusinsexplicanda.

238 1201 299 1251 μου
326 1180 439 1256 ῥέουσι.
465 1181 510 1246 (z
536 1179 624 1232 mucce
647 1191 671 1232 et
689 1183 762 1231 mata
799 1184 832 1231 ad
859 1183 1029 1244 eandemque
1054 1181 1197 1237 revertitur
1214 1181 1249 1238 2,
1271 1179 1320 1238 ic,

237 1259 338 1338 pituita
365 1264 424 1318 acsi
451 1259 560 1323 [Catuli.
588 1262 619 1322 2,
645 1261 676 1320 3,
705 1257 760 1320 li]
799 1260 842 1308 13.
862 1260 893 1316 b,
915 1261 963 1318 11,
983 1261 1010 1310 9.

668 1468 890 1490 -r-··-··-·······

649 1693 906 1753 EXOUBSUS.

293 1933 371 1994 Quod
391 1933 413 1980 si
432 1931 492 1994 quis
511 1926 654 1994 ἐπιτομὴν
673 1927 787 1989 requirit
805 1928 838 1975 ad
859 1926 934 1975 illum
961 1940 1041 1989 quem
1069 1927 1146 1976 initio
1171 1927 1321 1989 significavi

198 2071 208 2080 ,
243 2016 394 2078 graviorem
429 2013 562 2066 sentiendi
600 2012 710 2060 modum
747 2011 899 2058 accuratius
931 2008 1113 2069 elaboratam,
1152 1995 1234 2059 banc
1252 2011 1323 2072 legat

242 2098 386 2150 Kircbneri
406 2097 434 2145 in
453 2096 574 2157 Quaestt.
595 2094 689 2144 Horat.
705 2108 731 2155 p.
744 2093 795 2141 ab:
823 2091 1039 2141 «Sententiarum
1059 2095 1125 2143 ordo
1140 2093 1195 2143 lere
1209 2095 1253 2142 bic
1266 2100 1320 2142 est:

240 2179 282 2233 Ad
300 2181 420 2230 carmina
440 2179 595 2240 pangenda,
623 2176 679 2240 lyra
700 2178 753 2225 iam
777 2176 914 2238 deposita,
947 2176 1037 2226 denuo
1056 2190 1070 2226 a
1092 2183 1133 2238 te,
1163 2177 1320 2236 Maecenas,

240 2264 342 2314 excitor
362 2259 416 2325 (vr.
437 2257 542 2324 1-3.)i
563 2261 610 2310 sed
629 2265 685 2308 tum
704 2265 777 2308 aetas
791 2259 923 2307 senectuti
937 2243 1046 2321 propior
1059 2265 1085 2308 ct
1098 2260 1210 2309 iuvenili
1224 2261 1322 2310 ardore

241 2346 367 2398 destituta
386 2348 492 2403 monet,
520 2349 550 2393 ut
569 2343 657 2395 lusum
679 2343 813 2408 poeticum
833 2342 952 2414 mittam:
981 2348 1037 2391 tum
1056 2356 1133 2390 mens
1152 2348 1178 2392 et
1197 2342 1321 2394 voluntas

240 2441 257 2480 a
275 2429 350 2490 po'esi
369 2441 413 2478 me
430 2431 544 2478 avocant
565 2422 619 2489 (vv.
639 2422 766 2486 t-tc.)‚
787 2423 851 2487 quid
870 2439 978 2483 rerum,
1000 2431 1102 2478 rectum
1122 2431 1203 2489 atquc
1221 2428 1322 2478 decem

239 2511 291 2569 sit,
322 2511 401 2562 unice
427 2510 481 2560 iam
500 2514 677 2570 quaerentem
696 2513 720 2556 et
749 2521 780 2556 ea
809 2513 1013 2568 procurantem,
1041 2522 1110 2570 quae
1136 2515 1259 2572 prompta
1288 2511 1321 2558 ad

238 2606 319 2642 nrum
343 2593 413 2650 sint;
445 2592 480 2642 lta
506 2591 631 2653 quidem,
659 2596 688 2640 ut
715 2590 782 2638 nulli
807 2595 896 2638 certae
915 2591 1074 2652 disciplinae
1093 2605 1136 2640 mc
1155 2593 1322 2652 adstringam

238 2671 294 2737 (vu.
316 2671 451 2736 11-19.).
500 2673 535 2721 at
561 2678 645 2722 totum
673 2673 758 2722 animi
783 2673 901 2721 studium
928 2686 959 2721 ac
983 2674 1147 2722 desiderium
1168 2675 1222 2723 iam
1241 2676 1275 2724 ad
1295 2676 1322 2723 id

194 2762 197 2768 '
241 2757 436 2818 explorandum
456 2761 536 2825 atque
555 2756 690 2816 agendum
703 2754 803 2814 lertur,
824 2755 895 2817 quod
916 2769 964 2817 per
982 2769 1010 2805 se
1030 2757 1131 2805 bouum
1144 2761 1225 2821 atque
1239 2759 1323 2808 irone·

239 2845 311 2888 stum
330 2839 357 2886 in
375 2839 451 2887 omni
465 2842 551 2886 aetate
564 2838 690 2899 vitaeque
705 2838 865 2888 condicione
880 2839 959 2888 unice
973 2840 1100 2890 conducit
1113 2835 1167 2902 (ru,
1182 2839 1321 2904 2041).

241 2909 301 2984 Quo
321 2921 347 2969 in
367 2920 455 2969 studio
474 2920 579 2969 etiamsi
594 2933 728 2968 summum
743 2921 891 2982 sapientiae
910 2922 1044 2984 attingere
1057 2923 1205 2982 nonlicet,
1222 2938 1322 2986 operae

242 3008 332 3056 tamen
342 3003 457 3064 pretium
468 3007 522 3061 est,
543 3004 576 3052 ad
586 3003 704 3065 aliquem
718 3004 776 3054 eius
787 3005 901 3064 gradum
911 3005 1053 3066 pervenire
1064 3003 1118 3068 (vv.
1132 3003 1260 3068 ati-32.)
1275 3007 1323 3056 Sa-

240 3085 341 3152 plcutia
352 3085 425 3135 enim
434 3091 460 3134 et
469 3086 553 3137 animi
562 3087 808 3148 perturbationibus
821 3093 847 3136 et
859 3087 934 3136 omni
948 3088 1055 3137 interno
1066 3088 1137 3138 malo
1148 3103 1197 3138 uos
1207 3090 1319 3149 liberam

242 3180 304 3216 nam
323 3167 418 3218 uitium
435 3167 529 3230 ingere
547 3174 574 3232 et
592 3169 703 3218 stultitia
722 3183 818 3222 uacare
831 3170 948 3232 primum
962 3176 1002 3219 est
1015 3171 1163 3233 sapientiae
1183 3167 1237 3234 (rr.
1253 3174 1326 3224 33-.

241 3247 311 3315 db).
348 3250 429 3312 Atqui
449 3251 471 3300 si
492 3265 597 3300 summa
615 3253 714 3302 virium
734 3253 907 3302 contentione
926 3266 976 3312 ea,
999 3267 1068 3316 qnae
1086 3254 1165 3316 rotgo
1184 3255 1257 3304 mala
1276 3257 1322 3304 ha·

242 3333 354 3392 bentur,
375 3338 560 3396 paupertatem
579 3335 712 3396 sortisque
731 3335 911 3413 humilitatem
928 3334 1046 3397 elingere
1060 3351 1205 3397 conamur,
1226 3339 1322 3400 quidni

239 3427 273 3464 ea
293 3429 456 3477 cognoscere
469 3429 568 3478 operae
581 3418 696 3478 pretium
710 3429 769 3465 esse
782 3429 959 3481 censeamus,
980 3432 1049 3479 quae
1064 3419 1133 3468 mala
1148 3420 1194 3468 illa
1208 3423 1322 3472 omniuo

243 3497 320 3553 nihili
338 3498 429 3548 facere
449 3511 498 3547 nos
517 3500 645 3558 edocent,
672 3485 712 3560 et,
742 3512 804 3549 cum
828 3499 908 3561 volgo
933 3502 1122 3551 communibus
1146 3503 1224 3552 malis
1244 3504 1322 3567 qnasi
1408 3542 1413 3546 .

243 3580 271 3634 iu
290 3580 375 3632 tririis
394 3580 596 3640 conflictemur,
617 3582 746 3630 maiorem
762 3582 839 3630 nobis
853 3587 878 3630 ot
891 3584 1074 3643 augustiorem
1089 3585 1222 3647 palmam,
1243 3587 1322 3650 quasi

240 3661 389 3724 olympicis
415 3663 579 3724 uictoribus,
611 3664 670 3717 sine
697 3664 790 3714 labore
816 3671 907 3716 nostro
936 3665 1073 3716 oderunt?
1100 3665 1155 3732 (vv.
1180 3667 1320 3733 leti-52).

242 3743 374 3802 Virtutum
392 3745 470 3806 dico,
489 3747 617 3806 omnibus
636 3747 768 3801 thesauris
788 3749 929 3798 maiorem.
967 3750 1137 3813 Quamquam
1160 3752 1256 3814 volgus
1275 3756 1322 3804 bo-

241 3825 346 3877 minum
367 3829 510 3890 pecuniam
528 3829 638 3877 maximi
656 3827 719 3882 lacit
737 3834 763 3878 et
781 3843 861 3891 supra
881 3832 1006 3884 virtutem
1026 3833 1156 3884 collocat:
1177 3849 1232 3885 non
1257 3837 1320 3888 item

242 3921 389 3970 pactorum
409 3912 490 3960 nenia
509 3911 658 3972 antiquitus
678 3910 786 3974 tradita,
805 3927 875 3975 quae
895 3927 1008 3976 reguum
1028 3922 1100 3968 recte
1119 3916 1228 3968 facienti
1242 3919 1321 3974 otlert

240 3987 297 4054 (vr.
317 3990 454 4055 bd-tlt.).
492 3994 588 4044 Nonne
606 4007 671 4044 vero
690 3995 828 4057 improbae
847 3997 1001 4062 divitiarum
1020 4001 1198 4050 othonorum
1219 4005 1320 4066 cupidi·

239 4073 289 4130 tuti
313 4073 361 4130 itia
387 4075 471 4129 animi
498 4075 628 4136 altitudo,
660 4089 729 4143 quae
760 4092 809 4128 nos
834 4093 917 4154 spppr
942 4095 1036 4136 omncs
1058 4083 1182 4138 fortunae
1206 4087 1318 4156 iniurias
