2916 4796
258 293 345 382 :ico
563 395 565 400 X
606 329 744 376 noanon
767 323 1005 374 mrsrounaum

516 645 883 767 nursuou'n
928 673 1083 761 sirrr.
1145 777 1150 785 λ

472 877 539 931 ΔΙ)
571 874 761 930 vlllrwlll
790 869 1155 928 annlmovamtmr.

260 1033 359 1101 Celso
382 1031 531 1122 gaudere
553 1035 587 1094 et
611 1031 694 1096 bene
716 1048 784 1094 rem
807 1048 928 1117 gerere
954 1028 1166 1099 Albinovano

259 1139 361 1220 Musa
383 1158 505 1240 rogata
525 1151 632 1236 refer,
656 1151 766 1236 comiti
789 1149 985 1234 scribaeque
1006 1147 1162 1212 Neronis.
1263 1232 1266 1237 Ι

258 1270 298 1341 Si
321 1277 459 1358 quaeret
481 1273 557 1356 quill
586 1289 700 1358 agam,
728 1269 780 1336 die
808 1271 909 1334 multa
936 1273 970 1334 et
998 1267 1137 1353 pulchra
1165 1270 1341 1332 minantem

262 1394 386 1460 Vivere
409 1411 471 1459 neo
492 1396 585 1458 recte
608 1409 671 1457 nee
695 1391 860 1476 suaviter3
883 1389 972 1478 haud
994 1390 1070 1474 quia
1091 1387 1222 1476 grando

312 1576 334 1625 l.
372 1575 440 1638 Epp.
460 1573 534 1623 vill.
555 1589 581 1624 v.
600 1568 631 1642 3.⁸
646 1570 749 1635 quaerit
767 1569 810 1622 bo.

298 1699 373 1749 vlu.
417 1699 456 1747 lie
487 1703 541 1747 toto
574 1698 625 1747 hoo
652 1693 782 1758 Epistolio
821 1708 881 1744 rum
895 1694 948 1744 huo
966 1694 995 1743 in
1009 1693 1104 1757 poetae
1121 1693 1210 1746 verbis
1229 1706 1285 1762 uon
1304 1695 1344 1743 iu-

259 1778 359 1839 soripto
378 1790 401 1825 a.
422 1791 449 1825 u.
469 1789 494 1825 o.
513 1775 575 1826 uae.
595 1775 645 1824 cir.
667 1775 781 1824 laoo'hsii
820 1777 870 1822 est.
883 1769 919 1808 “-
954 1769 1132 1834 Albinouano]
1152 1772 1212 1822 Noli
1233 1771 1345 1822 Germa·

155 1859 161 1864 ”
259 1855 464 1904 leomianus.
486 1867 512 1914 p.
535 1853 596 1902 ³35.
646 1852 721 1902 ldem
743 1857 784 1902 est
821 1852 881 1900 uloa
891 1855 1067 1902 verterecum
1079 1862 1182 1912 nupero
1192 1850 1345 1912 interprete

259 1933 379 1991 Celsus,
412 1933 490 1980 ouius
524 1931 690 1980 mentionem
720 1930 783 1979 lacit
820 1943 880 1978 vore
897 1929 1077 1988 Albinouano,
1104 1929 1176 1990 quod
1197 1927 1264 1977 nihil
1285 1933 1344 1986 est;

259 2009 327 2072 app.
348 2011 373 2068 r,
394 2007 420 2068 3,
442 2008 500 2066 15„
514 2009 560 2056 our
579 2008 651 2058 vius.
682 2008 782 2057 «ruram
820 2005 867 2056 ‘seo
885 1996 1008 2067 nolon,
1034 2011 1064 2055 ut
1083 2007 1182 2056 rorum
1205 2005 1347 2055 aurovon-

259 2101 342 2151 quam
360 2091 454 2148 putant
471 2087 712 2152 reprehensionem
731 2086 792 2136 lor-⁵
820 2101 885 2144 nur,
918 2086 1066 2135 Postumius
1093 2084 1286 2140 Albinouanus,
1315 2097 1348 2132 ao

259 2171 330 2214 tasse
344 2165 479 2226 iniquiore
492 2164 601 2214 Celsum
615 2165 709 2214 tulisse
727 2166 783 2213 aui·
821 2165 921 2214 similia
948 2159 1075 2224 (Anrtar,
1103 2162 1238 2222 Soranus,
1266 2161 1348 2211 snut-

258 2257 304 2292 mo
327 2255 378 2292 neo
401 2243 500 2304 corrigi
529 2255 558 2292 se
578 2254 667 2305 neque
692 2255 783 2292 emen·
820 2256 878 2298 nur,
898 2239 1036 2304 Hirpinur)
1056 2241 1127 2304 qued
1149 2241 1243 2290 dicunt
1262 2253 1347 2302 agno·

261 2321 320 2370 dari
342 2334 451 2384 passum
470 2332 547 2380 esse,
576 2319 709 2370 offensum
728 2333 784 2369 me·
822 2334 904 2380 meu,
936 2327 966 2368 ut
994 2321 1094 2381 pariter
1116 2324 1156 2368 est
1177 2319 1206 2368 iu
1231 2321 1347 2368 nomine

260 2399 341 2458 otoo,
381 2400 479 2448 iratum
509 2399 621 2448 amico»
649 2399 784 2448 linxerunt
822 2398 1115 2448 marmaritanorum.
1138 2423 1165 2434 —·
1186 2395 1346 2462 scribaeque]

260 2476 424 2540 interpretes
445 2477 555 2527 morosi.
601 2477 719 2540 altaque
739 2477 783 2526 de·
822 2477 870 2526 llis
888 2491 932 2528 vv.
954 2477 979 2526 ei
998 2477 1148 2538 gratulatur
1171 2490 1271 2526 munus
1297 2477 1359 2543 ¹¹¹¹?

260 2567 355 2613 nuo,u
376 2556 482 2618 iuquit,
507 2567 592 2606 neum
609 2555 781 2616 aggreditur,
822 2567 874 2616 que
884 2554 1080 2613 lionorilloum,
1095 2555 1167 2617 quod
1181 2555 1271 2616 paulin
1282 2554 1355 2604 anta

259 2633 324 2684 vitia
344 2633 425 2681 amici
440 2633 596 2692 incessens,
617 2633 782 2691 iactantiam,
821 2633 933 2696 adeptus
947 2638 1014 2690 erat,
1031 2646 1119 2697 nequa
1138 2645 1219 2693 vero,
1239 2637 1269 2682 ut
1284 2633 1348 2682 aliis

261 2722 419 2771 perversam
434 2709 543 2761 risendi
560 2710 707 2769 rationem,
726 2712 784 2759 ani·
821 2713 909 2761 visum
930 2717 986 2771 est,
1007 2726 1070 2761 aum
1089 2712 1202 2762 derideto
1232 2710 1285 2771 Qui
1299 2713 1349 2760 luu-

259 2787 298 2836 mi
323 2787 518 2848 agitationem,
550 2788 760 2839 obstinationem
775 2825 781 2846 ,
823 2790 938 2840 iusmorli
950 2791 1053 2840 cohorti
1067 2792 1217 2839 amicorum
1232 2803 1348 2854 procon-

260 2863 704 2925 inconstantiam,insolentiam.»
732 2866 783 2915 Arl-
822 2868 888 2916 solis
916 2869 959 2918 vel
985 2868 1062 2917 ducis
1085 2869 1223 2930 aggregati
1248 2873 1346 2926 erant,

261 2941 300 2990 (lit
318 2941 405 2990 allus:
432 2942 510 2992 «Nec
530 2944 613 3005 spirat
635 2945 702 2993 lia-sc
723 2945 784 3007 Epi·
823 2946 956 2996 interdum
968 2947 1347 3009 adhibebanturarlepistolas

262 3019 331 3068 stola
347 3020 432 3086 'illum‘
452 3033 574 3070 amorem
597 3026 624 3070 et
645 3023 784 3072 molliores
823 3025 961 3084 inprimis
980 3039 1093 3074 arcanas
1111 3029 1138 3074 et
1155 3025 1288 3086 gravioris
1305 3037 1347 3073 ar-

259 3097 320 3147 illos
339 3099 425 3148 animi
444 3111 559 3162 sensus,
594 3115 662 3164 quos
673 3103 783 3164 passim
822 3104 943 3164 gumeuti
956 3117 988 3152 or
1001 3105 1074 3152 illius
1087 3105 1214 3153 mundato
1227 3103 1348 3152 couscri-

260 3175 388 3226 lloratius
422 3189 486 3238 erga
520 3178 588 3227 alios
620 3180 732 3230 amieos
756 3181 783 3228 in
822 3181 943 3241 hardas,
970 3182 1004 3230 ad
1023 3181 1193 3245 quotidianas
1212 3182 1285 3234 servi
1303 3179 1348 3232 vel

186 3267 187 3272 ¹
253 3253 427 3304 'carminibus
443 3257 499 3305 suis
514 3259 671 3318 expressit.»
709 3259 784 3322 Quae
821 3257 921 3307 liberti.

259 3333 351 3381 omnia
370 3333 451 3382 ulmis
471 3346 565 3386 severa
584 3340 612 3384 et
624 3341 784 3398 exaggerata
856 3335 883 3384 3„
903 3336 930 3386 le.
951 3334 1103 3399 Siqrroeret]
1119 3338 1205 3390 Multa
1215 3339 1270 3388 iam
1282 3353 1347 3388 oum

260 3409 339 3458 nohis
356 3409 493 3462 videntur.
518 3458 521 3464 ,
822 3411 1004 3463 familiaritate
1020 3420 1046 3464 et
1064 3416 1253 3467 benevolentia
1266 3416 1346 3466 Celso

295 3487 321 3535 1.
346 3487 375 3536 2.
403 3487 475 3537 Celso
505 3487 633 3552 paudere]
663 3491 783 3552 elieser,
822 3495 906 3539 totum
932 3493 1017 3540 animi
1044 3494 1086 3541 sui
1112 3499 1211 3542 statum
1231 3497 1345 3557 aperit:

261 3561 339 3612 Musa
353 3576 369 3611 a
383 3577 427 3614 me
441 3571 544 3627 rogata,
558 3565 637 3616 Celso
651 3565 707 3630 (me
721 3582 783 3618 eum
822 3579 875 3617 use
894 3569 944 3617 sibl
969 3570 1126 3633 displicere,
1155 3584 1210 3620 uon
1235 3577 1347 3635 propter

262 3637 368 3700 iubere)
381 3643 495 3711 χαίρειν
505 3645 556 3694 καὶ
569 3637 603 3694 εὖ
618 3644 783 3714 πράττειν.»
821 3659 916 3695 causas
927 3646 1050 3696 fortuitas
1064 3654 1144 3711 atque
1154 3654 1288 3713 externas,
1299 3651 1346 3700 sed

261 3714 356 3764 Celsus
377 3717 459 3778 igitur
477 3721 606 3770 saturarat
625 3723 781 3782 lloratium;
822 3730 931 3787 propter
959 3725 1178 3789 inexplicabilem
1206 3728 1348 3790 quandam

180 3790 187 3796 '
261 3787 424 3854 (quomodo,
445 3795 635 3859 ignoramus:)
655 3799 699 3847 hio
717 3800 783 3847 ami·
821 3803 918 3850 mentis
931 3803 1139 3864 aegritudinem,
1157 3819 1210 3866 qua
1228 3819 1258 3854 se
1272 3819 1346 3854 nuno

258 3878 322 3916 oum
338 3869 482 3931 iuniorem,
495 3873 546 3921 sibi
559 3886 652 3922 carum
662 3876 689 3924 et
701 3888 781 3938 quem
820 3879 931 3940 quidem
948 3879 1065 3930 liberare
1084 3887 1238 3943 nsqueatro
1259 3897 1274 3932 a
1289 3883 1347 3946 qui·

260 3947 351 4006 magui
372 3947 490 4006 laeeret,
515 3950 659 4010 resalutat,
688 3952 782 4005 llusna
819 3957 869 4004 bus
879 3957 989 4019 quidem
997 3973 1057 4018 rm,
1072 3964 1101 4008 ut
1114 3960 1183 4008 solet
1194 3959 1346 4010 fleriame-

259 4021 312 4070 hoo
333 4020 618 4076 ollioium‘maudaus.
666 4027 721 4080 Alii
739 4045 782 4082 ar·
820 4033 978 4083 lauolrolicis
1003 4035 1060 4086 sive
1084 4037 1344 4100 hypoohourlriaois,

259 4098 380 4160 plicant:
409 4100 532 4167 oropum]
552 4117 568 4152 a
588 4105 706 4166 Gaison
737 4123 781 4161 ve·
820 4113 1080 4174 uonprorsusabest
1093 4115 1265 4177 exaggeratio
1279 4129 1345 4166 uon·
