2822 4794
252 291 317 352 viu
708 289 912 340 nnnnnnuio.
1395 2 1401 353 1

253 448 323 495 rem
345 429 470 496 lactum
492 447 569 497 esse
589 428 647 494 vel
661 425 738 496 ideo
753 430 919 517 suspicari
934 447 1123 517 possumus,
1144 429 1222 516 quie
1236 427 1339 496 Mur-

148 545 154 556 '
254 551 344 617 tialis
365 553 490 617 certam
518 550 639 617 wuum
662 545 865 618 octobrium
891 547 976 615 diem
1004 554 1181 636 memorat,
1208 550 1244 617 in
1273 569 1340 636 qua

253 668 389 738 scholas
411 670 569 737 hibernas
588 670 716 736 initium
738 669 895 737 babuisse
915 671 1095 738 verisimile
1115 673 1177 754 sit3
1204 669 1340 740 easdem
1399 679 1400 712 ⁴

196 772 199 778 ¹
254 811 338 861 vero
368 789 479 857 idibus
507 791 613 861 Iuniis
639 790 752 857 linitas
780 807 872 878 esse,
908 809 1103 877 quamquam
1138 809 1208 857 non
1238 791 1342 858 claris
1398 839 1399 877 ¹

253 913 369 980 verbis
390 915 493 997 poeta
515 910 606 996 dicit,
627 913 739 978 tamen
760 910 861 978 facile
882 909 961 977 inde
982 912 1144 999 sequitur,
1166 909 1255 998 quod
1276 912 1341 976 iam

253 1029 385 1100 Iodtum
405 1049 550 1098 mensem
571 1029 847 1099 scholasticorum
869 1049 1006 1098 numero
1022 1032 1147 1097 eximit.
1160 1057 1257 1078 --·-
1279 1028 1341 1100 Sic
1396 1092 1398 1105 .

256 1155 366 1221 onnia
387 1155 481 1220 recte
502 1151 711 1238 procedunt:
739 1156 886 1218 octonae
906 1152 986 1219 tdoce
1007 1155 1087 1220 sunt
1108 1170 1221 1219 eorum
1242 1170 1342 1220 men-

255 1275 355 1361 sium,
377 1274 432 1361 qui
454 1274 598 1362 singuiis
619 1273 719 1339 annls
740 1271 867 1339 scholis
887 1271 1052 1340 habendts
1073 1267 1342 1354 destinabantur,

256 1394 309 1461 his
335 1396 445 1462 autem
467 1395 620 1481 singulos
640 1411 752 1478 asses,
783 1395 897 1458 notam
919 1395 1019 1459 etlam
1040 1392 1177 1459 aliunde
1198 1393 1343 1462 didactri
1397 1418 1398 1474 l

256 1534 412 1583 sumnam
435 1511 600 1591 (Iuvenal
620 1512 667 1579 X.
693 1507 793 1578 1172
822 1511 985 1603 Quisquam
1015 1513 1133 1582 adbuc
1157 1533 1237 1582 uoco·
1250 1535 1341 1603 pur·

257 1642 334 1706 tom
361 1636 445 1703 colit
472 1653 552 1702 cecc
580 1625 824 1713 Mtrwrcomt)
855 1633 995 1700 uranus
1023 1651 1044 1700 a
1071 1634 1244 1722 discipulis
1270 1639 1343 1701 suls
1397 1663 1398 1694 ¹

256 1777 318 1844 pro
347 1753 500 1824 mercede
526 1754 681 1840 sucepit„
703 1757 769 1820 eet
794 1791 836 1804 -
868 1750 944 1836 Qua
970 1757 1082 1822 tamen
1109 1757 1144 1820 in
1173 1756 1341 1841 onlnione,
1397 1761 1398 1802 ἐ

257 1882 424 1945 octussem
456 1875 629 1941 dumtaxat
656 1873 840 1960 discipulos
867 1877 1046 1961 quotannis
1080 1869 1249 1961 pendisse
1272 1877 1341 1942 ludi
1395 1860 1398 1893 ²

244 2000 426 2086 -magistro¹
448 2015 500 2064 me
521 1997 761 2062 assentientem
781 2012 851 2060 non
871 1994 974 2062 habet
988 1996 1211 2062 Hermannus.
1245 1997 1342 2078 Nam,

256 2124 294 2188 ut
332 2121 493 2208 magister
530 2111 651 2202 uliquis
685 2117 742 2182 vel
774 2117 907 2182 centum
939 2115 1125 2201 discipulos
1159 2117 1344 2196 habuisset,

254 2235 386 2308 DCCC·
410 2239 553 2324 assibus,
574 2233 608 2302 id
630 2238 694 2320 est,
714 2254 758 2302 ne
780 2229 937 2304 sestertio
955 2236 1085 2322 quidem
1106 2255 1168 2324 per
1188 2239 1344 2327 singulos

256 2361 340 2447 dies,
357 2362 461 2426 vltam
474 2361 665 2424 sustentare
680 2376 747 2422 non
761 2357 945 2441 potuisset:
968 2374 1040 2424 cum
1055 2357 1133 2424 inde
1148 2377 1169 2424 a
1184 2353 1344 2425 Cnesans

232 2509 247 2536 -·
256 2486 407 2568 tempore
424 2482 481 2546 vel
494 2480 674 2569 gregarius
690 2477 785 2544 miles
796 2475 841 2542 Χ.
852 2495 949 2544 asses
963 2495 1092 2562 aereos,
1106 2480 1343 2562 praetorianus

255 2604 410 2693 singulos
437 2600 594 2667 donantes
620 2595 730 2673 (XVI.
752 2594 861 2671 asses)
889 2595 1037 2682 quotidie
1064 2601 1220 2682 mereret.
1255 2597 1343 2674 (Ta.

255 2725 313 2791 cit.
334 2723 425 2788 Ann.
449 2720 482 2795 1,
506 2716 581 2793 17.)
624 2720 735 2806 Igitur
756 2735 843 2784 cero
864 2721 928 2784 cet.
949 2718 1203 2801 explicaverim:
1224 2713 1344 2786 “Sem-

257 2861 320 2929 per
340 2841 457 2908 Idibus
479 2837 697 2922 Octobribus,
726 2855 811 2922 quae
840 2842 990 2904 octoraue
1007 2835 1095 2903 'sunt
1122 2839 1217 2918 anni,
1246 2857 1344 2925 quem

152 2999 157 3010 ·
257 2983 322 3030 nos
344 2963 493 3040 dicimus,
514 2959 707 3026 scholastici
739 2961 774 3034 et
796 2955 887 3045 apud
907 2957 1079 3024 Romanos
1107 2961 1145 3024 et
1164 2957 1345 3044 apud'ho-

257 3105 329 3150 rum
352 3086 536 3167 temporum
559 3080 682 3178 Italos,
714 3079 811 3164 pueri
838 3079 1010 3166 magistris
1039 3077 1183 3146 dIdectri
1209 3079 1345 3146 nomine

257 3205 438 3272 solvebant
459 3221 527 3268 non
549 3200 703 3290 singulos
725 3217 830 3281 asses,
851 3197 913 3265 sed
934 3216 1007 3266 ean
1028 3201 1085 3266 vel
1106 3201 1263 3266 malorem
1285 3203 1346 3265 vel

258 3328 416 3394 minorem
437 3324 600 3410 pecuniae
621 3339 787 3406 sumnam,
809 3317 852 3384 de
874 3338 940 3404 qua
960 3320 1050 3387 inter
1070 3319 1134 3387 hos
1146 3320 1345 3405 illorumque

259 3449 419 3534 parentes
441 3445 616 3510 tutoresne
644 3443 867 3528 convenerat,
899 3443 1078 3527 antequam
1098 3439 1144 3508 ad
1163 3443 1346 3528 magistros
1398 3457 1399 3574 ¹

259 3568 497 3641 mitterentur„
1035 3603 1039 3611 -
1398 3579 1399 3698 ¹

345 3721 468 3804 larici,
489 3719 567 3788 Kal.
586 3719 769 3788 Novembr.
786 3718 838 3785 M
851 3717 982 3788 0000
986 3714 1199 3787 XXXVIII
1398 3825 1399 3892 ¹

1398 3915 1399 3988 l

687 4016 915 4032 a*
