2916 4796
225 297 306 368 396
568 321 710 370 nonnum
736 320 973 369 nursuonnnuu

226 463 272 530 tot
293 463 379 527 molo
400 464 591 547 perrumpet
605 460 727 526 mrum
748 459 885 542 tostp'dio
906 461 1040 526 uictrix.

225 581 323 664 Non,
344 583 397 666 qui
421 577 561 647 Sidonio
583 582 787 648 contendere
809 579 951 648 collidus
973 583 1066 644 ostro

226 701 343 770 Nescit
365 701 566 786 Aquinatem
589 703 742 786 potuntiu
763 701 892 767 uellere
913 701 1042 786 fucum,

226 821 360 890 certius
381 823 525 907 oooipiet
548 821 698 886 dumnum
723 823 906 907 propiusve
930 821 1099 909 medullis,

227 940 332 1024 Quum
355 933 409 1028 qui
433 961 500 1008 non
524 944 647 1027 poterit
669 941 982 1032 veredistlnguere
1005 941 1133 1006 iulsum.

227 1060 332 1144 Quem
353 1082 410 1129 res
431 1064 506 1146 plus
528 1065 626 1127 nimio
649 1061 863 1129 delectavere
884 1061 1071 1148 secundae,
1268 1058 1312 1120 tto

279 1295 310 1414 li³
338 1307 367 1416 pa·
401 1292 446 1345 2⁸.
478 1271 649 1359 villelmi
669 1306 694 1343 ⁰·
723 1267 883 1360 ΜΨ
916 1305 1112 1358 'utimr-evi
1134 1265 1172 1344 ὅ(
1187 1294 1312 1358 ΜΝ·

227 1376 276 1428 que
313 1399 320 1415 .
369 1399 376 1414 .

268 1471 305 1520 ll.
342 1484 369 1522 u.
388 1469 433 1520 25.
452 1471 562 1536 oetttptn
581 1471 611 1522 C.

257 1577 302 1627 lv.
339 1591 366 1629 r.
386 1577 431 1626 25.
450 1578 560 1642 sostiptn
579 1577 662 1628 Codd.
683 1577 761 1628 Torr.
799 1593 826 1628 v,
844 1577 889 1627 2¹1.
908 1590 997 1627 mmm
1014 1575 1098 1627 Codd.
1117 1575 1182 1639 aliq.
1219 1588 1246 1627 r.
1264 1575 1310 1626 2⁹.
1374 1625 1378 1638 ,
1432 1593 1437 1600 ·

226 1659 315 1698 oerum
333 1647 490 1711 distinpuere
508 1648 576 1711 sano
594 1646 679 1698 Codd.
693 1647 764 1710 apud
784 1648 876 1698 Feum.
969 1709 973 1716 ι

227 1835 334 1886 tuturis.
367 1835 468 1886 nauem
485 1841 586 1886 oonstr.
606 1834 657 1886 0d.
677 1835 704 1896 4,
721 1836 749 1896 t,
788 1837 859 1886 male
869 1837 1082 1900 appetentium.»
1102 1835 1200 1886 Senon.
1212 1847 1311 1894 anuto.

225 1910 278 1964 oo:
297 1917 420 1974 Luotere,
437 1939 448 1950 -
465 1920 599 1976 -proruet
614 1915 749 1964 euroram.
788 1917 919 1966 lituram.
947 1915 1010 1965 Seu.
1026 1913 1075 1978 llp.
1089 1915 1140 1966 oo:
1159 1913 1199 1962 Ad
1209 1921 1313 1976 parata

227 1993 324 2042 nLioet
340 1997 466 2042 usturam
484 2005 590 2041 summa
606 1992 633 2044 vi
652 1997 678 2041 et
696 1992 750 2040 oal·
786 1996 846 2043 noti
865 2007 971 2044 summ:
997 2007 1046 2042 nos
1063 1993 1153 2042 omnio
1169 1992 1244 2040 nolte
1261 1992 1313 2056 ut(-

226 2070 359 2120 lidissima
379 2077 437 2120 arte
458 2071 612 2135 opprimere
630 2072 748 2130 coneris,
786 2073 867 2138 petita
887 2073 1006 2136 [anilium
1027 2072 1173 2133 fastidio
1195 2071 1311 2134 fecimus.

226 2153 317 2206 umen
337 2154 429 2199 menet
444 2150 542 2202 invicte
561 2163 695 2213 suumque
708 2150 749 2199 ius
822 2150 856 2200 26
867 2175 895 2186 -
905 2149 950 2200 28.
969 2151 1029 2200 Non
1041 2146 1096 2212 qut]
1111 2149 1205 2198 «Falsa
1220 2154 1312 2198 eutem

227 2228 278 2280 tibi
308 2229 456 2279 vindieat.»
505 2229 570 2280 Seu.
601 2230 650 2294 llp.
680 2232 748 2281 119:
788 2230 834 2278 illa
855 2230 890 2278 de
913 2229 1011 2278 fluibus
1037 2230 1170 2278 bonorum
1192 2229 1311 2284 iudicia.

226 2307 488 2358 Naturuoontumnm
505 2316 562 2359 est:
589 2323 643 2358 non
663 2315 750 2372 potest
787 2308 878 2371 qualia
903 2308 1063 2370 plerumque
1089 2313 1152 2356 sunt
1177 2307 1311 2365 diuitum,

225 2387 315 2445 trinet5
338 2400 413 2437 suum
428 2390 523 2450 poscit.
561 2387 646 2437 Funon
666 2388 750 2450 nepot
787 2387 874 2448 mugio
901 2386 977 2435 noxio
1004 2391 1067 2435 suut
1094 2397 1126 2434 ao
1151 2385 1313 2434 beatitudini

225 2465 277 2516 lere
299 2466 412 2529 utiquam
435 2468 609 2529 proverbium
633 2473 674 2516 est
701 2479 750 2528 pro
788 2465 942 2526 infestiora,
962 2478 1043 2527 quem
1063 2463 1203 2513 inscientia
1218 2476 1312 2513 rerurn

227 2557 340 2606 uespere
359 2550 440 2608 utque
461 2535 641 2607 ignominiose
662 2550 750 2594 extur-
787 2549 958 2594 externarum
979 2543 1080 2591 nullius
1101 2541 1247 2604 ponderis,
1283 2547 1313 2591 ut

226 2622 291 2673 hare
317 2627 344 2673 et
363 2625 492 2673 elioeren»
536 2623 674 2686 Aristoph.
696 2623 748 2672 Per
787 2637 849 2671 euru
865 2635 914 2671 nos
930 2622 1034 2671 deridet
1050 2623 1143 2680 diues,
1163 2623 1234 2683 quod
1251 2635 1313 2684 pur-

223 2699 296 2750 637:
324 2699 414 2766 Tp'vde
435 2702 490 2767 μὲν
508 2700 619 2771 δικροῖς
636 2698 749 2752 ἐώθουν
787 2715 882 2764 puram
906 2700 1044 2750 Sidoniam
1063 2702 1097 2749 alr
1116 2701 1251 2763 Aquinate
1272 2701 1312 2749 di-

225 2777 281 2842 τὴν
307 2777 379 2828 θεὸν
405 2780 616 2850 κεκράγμασιν.
648 2779 747 2828 catull.
787 2783 925 2842 stinguere
943 2781 1123 2830 nesciamus.»
1138 2803 1169 2813 -
1191 2775 1311 2840 Sidonio]

226 2856 296 2906 1⁰5:
323 2856 442 2907 tinnulo
457 2864 570 2906 eonotur
587 2858 749 2920 Pimplneum
787 2859 858 2909 Alibi
871 2860 1084 2922 antepenultima
1097 2859 1189 2920 longa.
1205 2881 1237 2894 ·-
1252 2871 1312 2907 oon·

225 2935 361 2984 morumne
378 2942 509 2984 montem:
530 2937 620 2986 Musae
640 2937 749 2999 dormitis
788 2939 913 2988 tendere·
929 2963 940 2974 ·
959 2934 1048 2999 ostro]
1071 2938 1154 2987 dutiv.
1181 2950 1312 2998 «compa-

222 3013 394 3075 prneoipitem
411 3014 526 3064 eliciunt.
564 3013 621 3063 Cio.
641 3014 675 3062 sd
694 3015 748 3063 Au.
788 3030 849 3065 rere
871 3030 932 3065 oum
955 3029 1102 3078 purpura.»
1125 3038 1157 3050 -
1184 3013 1309 3077 cotttdus]

225 3090 268 3148 to,
288 3092 322 3140 2:
352 3092 482 3153 Quoniam
504 3093 610 3156 sureilto
633 3093 749 3142 sermot-
788 3101 817 3144 ut
829 3095 884 3144 Sat.
898 3096 925 3154 ἢ,
942 3095 969 3154 7,
990 3096 1053 3143 tot:
1073 3094 1175 3144 subtilis
1187 3099 1213 3142 et
1232 3094 1312 3142 tuden

224 3182 302 3226 mur.
322 3171 492 3220 Brundisium
510 3173 604 3236 eopito.
652 3172 747 3222 luteo.
787 3175 930 3230 ·eotttdns.:
951 3175 1064 3223 «sollers
1078 3174 1105 3223 in
1118 3170 1311 3233 distinguenda

226 3246 270 3308 13,
289 3247 360 3299 239:
382 3249 479 3298 Tamen
497 3252 633 3300 admorso
649 3258 749 3307 notura
787 3265 906 3316 purpura
929 3253 1051 3310 sineere,
1084 3264 1153 3314 quae
1175 3263 1207 3299 ex
1227 3250 1312 3298 Plroe·

225 3329 337 3377 remanet
352 3328 515 3389 damnatos,
534 3331 591 3394 tima
608 3331 750 3380 etmutori
787 3332 847 3380 nice
878 3331 1052 3393 importator,
1079 3329 1113 3378 ab
1137 3329 1310 3386 adulterina,

225 3406 321 3454 unna.
341 3429 373 3439 -
396 3404 504 3470 surdus]
524 3409 656 3458 oratioue
671 3409 749 3472 quasi
787 3412 919 3474 quemad
939 3411 1011 3458 illius
1033 3409 1210 3458 imitationem
1228 3405 1312 3469 Aqui·

226 3482 413 3544 clandestine,
441 3491 470 3534 ut
490 3489 626 3549 quomodo
645 3487 690 3537 lint
706 3489 749 3538 vix
787 3495 862 3538 nates
876 3489 903 3538 in
917 3503 982 3549 egro
996 3488 1092 3536 Volseo
1106 3485 1169 3535 iuno
1186 3486 1310 3546 tingunt,

226 3562 436 3622 animadvertas,
457 3563 503 3614 illa
516 3565 628 3616 divitum
641 3567 749 3616 fastidia
787 3574 816 3617 ut
829 3568 967 3630 imperitos
982 3567 1147 3628 decipiunt.»
1163 3587 1198 3614 -·.
1212 3570 1313 3626 potun-

226 3653 354 3703 perversa
367 3648 394 3693 et
408 3649 520 3695 neturus
538 3647 674 3695 contrariu
692 3646 749 3696 rin·
787 3643 845 3708 tta]
875 3649 1014 3709 Frequens
1044 3645 1134 3705 imago
1165 3643 1311 3691 tincturae.

226 3718 271 3774 ott,
286 3720 400 3784 ipsique,
415 3724 588 3786 quantumvis
602 3737 618 3774 a
633 3722 748 3786 simplici
786 3725 864 3776 Ouid.
879 3725 943 3774 Met.
966 3724 992 3783 d,
1012 3725 1043 3774 9:
1063 3723 1192 3772 Pnooateo
1211 3720 1313 3770 bibulos

119 3857 121 3864 ,
160 3837 163 3842 .
227 3797 281 3850 vita
294 3801 472 3861 recesserint,
493 3807 584 3851 tamen
601 3802 748 3864 aliquando
786 3803 902 3867 ttnpetut
924 3804 1020 3852 murice
1045 3803 1131 3850 lenos.
1158 3823 1189 3834 -
1212 3794 1311 3862 summ]

226 3875 270 3926 uel
283 3876 359 3928 inriti
371 3877 404 3927 ud
414 3891 475 3927 eam
488 3877 577 3928 redire
587 3884 747 3940 eoguntur.»
787 3881 900 3932 lielrenls
921 3895 1023 3942 genus,
1050 3878 1163 3942 φῦκος,
1185 3876 1310 3946 Οτεοίιόκε

226 3955 349 4006 «Natura
375 3956 539 4018 sapientior,
567 3957 661 4018 paneis
685 3970 748 4006 oon·
786 3961 863 4010 ouius
883 3973 948 4010 suoo
972 3944 1018 4010 vel
1040 3955 1248 4008 medicabuntur
1273 3954 1312 4003 la·

225 4035 318 4092 tenta,
346 4033 437 4084 vinoet
457 4046 489 4083 no
511 4034 651 4084 damnabit
675 4034 747 4085 iasti-
787 4049 849 4088 uam
872 4039 983 4088 murinis
1004 4051 1069 4086 suco
1092 4043 1183 4100 posteo
1206 4035 1313 4095 tingen-

226 4119 329 4172 dtomm
344 4111 476 4164 luxuriem
490 4111 604 4167 divitum
619 4114 748 4180 pleraque
786 4115 905 4180 domuel
924 4117 983 4165 sine
1002 4116 1076 4165 illius
1089 4106 1225 4176 oonohylii
1245 4125 1311 4161 tneo
