2928 4794
505 309 570 356 ΜΒ.
591 310 612 355 l.
656 309 759 355 epistt
782 309 809 352 ti.

117 447 192 513 Non
214 449 323 513 animo
348 465 455 514 ouras.
501 448 620 514 Valeat
642 467 821 533 possessor
843 417 992 536 oportet,

117 565 156 633 Si
180 571 401 652 comportatis
424 569 525 634 rebus
547 569 632 634 bene
654 570 783 657 cogitat
805 570 862 634 uti.

6 669 7 672 ¹
118 687 182 769 Qui
201 690 298 772 cupit
319 691 378 752 aut
399 689 533 772 metuit,
554 690 647 754 iuvat
670 690 758 753 illam
780 691 830 756 sio
851 689 967 757 domus
988 694 1022 756 et
1044 707 1114 772 res,

117 807 164 873 Ut
187 810 311 892 lippum
336 809 445 892 pistae
467 809 618 892 tabulae,
640 810 789 876 fomenta
809 810 1012 900 podagram,

115 930 298 993 Auriculas
320 929 468 994 citharae
490 930 634 996 collecta
655 929 755 995 sorde
776 929 939 997 dolentes.

114 1045 290 1114 sincerum
314 1052 366 1113 est
388 1051 450 1114 nisi
473 1067 555 1134 vas,
577 1049 796 1135 quodcunque
819 1050 982 1136 infundis,
1003 1053 1140 1120 acescit.

113 1165 249 1253 Sperne
271 1170 478 1270 voluptates:
501 1174 602 1240 nocet
623 1174 735 1254 empta
756 1169 870 1237 dolore
893 1174 1059 1257 voluptas
1156 1170 1196 1232 55

168 1334 192 1384 1.
230 1330 268 1398 (v.
282 1335 327 1385 55.
347 1335 454 1386 llabeut
468 1337 618 1401 podoprom
636 1333 695 1399 bS.)

155 1431 192 1480 11.
230 1445 257 1483 r.
276 1432 321 1482 51.
339 1436 470 1484 obmotuit
478 1433 508 1484 li.
519 1432 628 1486 eCodd.
640 1434 816 1484 ibidmorree
825 1433 901 1485 [ΕΤ.
919 1434 1001 1488 v-52.
1009 1435 1196 1500 podoprams.

142 1528 195 1577 ΙΙΙ.
232 1543 260 1580 v.
279 1529 324 1579 52.
343 1530 490 1593 podepnmr
508 1544 524 1581 a
543 1531 628 1582 codd.
648 1527 704 1592 (Sic
723 1531 804 1581 etiam
822 1531 942 1582 Pottierii
961 1531 1050 1583 Codex
1068 1533 1199 1585 it.1o.et

113 1597 185 1648 alius
204 1599 277 1662 apud
295 1598 469 1664 Oudendorp.
488 1601 523 1650 ad
540 1597 622 1665 apat.
641 1601 707 1654 ldet.
727 1615 754 1663 p.
774 1597 848 1665 339.)

112 1693 115 1696 ’
144 1695 190 1746 lv.
228 1710 255 1747 v.
275 1696 319 1746 55.
340 1702 456 1748 tomento
473 1698 601 1750 Bouhier.

112 1835 247 1885 dassilvis
263 1835 429 1898 exstirpatis,
450 1839 519 1888 aeta
530 1853 639 1892 oeermu
675 1846 744 1894 rata
767 1863 798 1876 -
816 1832 952 1904 [wama]
971 1836 1002 1887 lu
1020 1837 1102 1889 variis
1117 1839 1197 1900 poda-

47 1907 56 1921 '
112 1916 343 1975 atoariargento.
365 1938 396 1950 -
414 1915 538 1979 deduxit]
558 1914 639 1988 ἄορί·
676 1935 741 1984 grae
759 1919 905 1983 gonoribus
923 1917 1016 1980 utique
1033 1917 1199 1966 adhibebant

113 2007 191 2054 στως
208 1994 376 2056 detempore
391 2000 531 2058 perpetuo.
559 1996 640 2046 Utie·
676 1999 813 2057 tamenin
842 1995 891 2047 cir.
914 1995 1023 2046 Celsum
1036 1995 1126 2055 mu
1153 1995 1200 2043 bie

113 2071 176 2140 bros
195 2072 320 2120 &eadunt
340 2068 431 2133 (Lacr.
452 2074 479 2134 2,
501 2073 546 2124 34.
566 2072 636 2126 Cels.
676 2084 768 2128 autem
782 2077 860 2139 poeta
876 2073 996 2138 loquitur
1012 2074 1045 2123 de
1058 2087 1105 2133 eo,
1126 2072 1197 2134 quod

113 2145 211 2212 3‚5.),
240 2149 279 2198 ain
301 2149 383 2200 etiam
401 2151 492 2201 maaet
510 2158 637 2215 posauut;
677 2161 788 2206 anctore
804 2153 900 2204 eodem
914 2152 1022 2202 Gelani.
1032 2151 1198 2203 liutardum

113 2227 180 2277 aiibi
199 2227 329 2278 dicuntur
346 2230 435 2293 obwt,
455 2231 562 2294 dapetla',
589 2231 639 2283 toi·
676 2223 789 2293 aedidit,
815 2238 844 2280 at
867 2229 934 2278 otta
956 2230 1134 2292 superimponi
1154 2230 1199 2276 do-

113 2307 143 2356 li.
172 2329 207 2340 -
233 2304 342 2370 Valeat]
380 2308 469 2359 «Sana
497 2311 532 2359 sit
560 2323 638 2360 mens
676 2313 717 2360 lor
735 2300 876 2372 potiatur,
906 2307 989 2358 immo
1006 2306 1133 2357 lomentis
1152 2319 1199 2355 au·
1303 2303 1306 2308 '

113 2385 143 2433 in
163 2397 278 2448 corpore
296 2399 392 2437 sano.»
413 2412 442 2423 -
460 2399 639 2450 possessura
676 2393 781 2453 goatur.
810 2387 949 2437 Bouhierii
967 2387 1039 2437 coni.
1057 2389 1198 2448 propterea
1221 2453 1223 2458 Ι

112 2461 170 2526 ati]
191 2462 302 2514 Aristot.
316 2465 394 2515 libet.
410 2467 436 2526 1,
451 2466 483 2524 53
502 2462 538 2517 τὸ
553 2465 638 2518 nioe-
676 2469 782 2521 videtur
794 2465 956 2525 reficienda,
972 2464 1043 2527 quod
1056 2470 1199 2514 tomentum

112 2547 174 2592 τεῑν
194 2541 276 2592 ἐστὶν
289 2543 321 2594 ἐν
337 2543 376 2610 τῷ
392 2542 556 2612 χρῆσθαι
567 2544 639 2611 μᾶλ-
678 2546 820 2611 (farcimen
840 2545 1001 2596 euicitarnm
1024 2557 1056 2594 ex
1077 2553 1198 2605 quaeun-

113 2619 166 2671 λον
193 2615 216 2686 ἤ
241 2620 272 2671 ἐν
302 2621 341 2689 τῷ
371 2620 585 2688 κεκτῆσθαι.
605 2648 638 2662 -
677 2625 952 2690 quomateria,lana‚
973 2622 1104 2680 crinibus,
1124 2626 1198 2683 stap-

112 2704 162 2747 uat
181 2697 290 2761 metuit]
318 2699 389 2750 Soita
409 2706 554 2765 utrumque
575 2700 639 2752 aile-
676 2719 726 2769 pa,
746 2705 838 2754 barbis
851 2698 990 2766 conamur)
1010 2715 1061 2752 neo
1077 2699 1199 2750 remedio

113 2781 188 2826 otum
202 2777 319 2828 seiunxit
326 2808 337 2838 ,-
354 2779 417 2841 quia
427 2780 523 2830 eodem
537 2784 639 2842 tempo-
677 2799 728 2834 neo
742 2784 889 2846 voluptati,
916 2783 963 2840 aed
983 2780 1138 2832 necessitati
1159 2779 1199 2828 in·

113 2854 152 2904 ris
171 2860 273 2916 puncto
291 2856 320 2906 ia
339 2857 434 2907 eodem
451 2870 534 2909 avaro
546 2857 638 2908 loouru
677 2864 773 2919 servit,
801 2863 893 2912 lanam
915 2866 1022 2921 autem,
1041 2872 1095 2923 qna
1116 2857 1198 2921 poda·

113 2945 171 2982 non
184 2932 300 2994 babent,
320 2935 368 2984 sod
381 2935 462 2985 modo
480 2937 555 3000 eupit
572 2937 639 2988 diri·
677 2944 745 3004 griei
770 2943 852 3006 pedes
876 2940 1065 2997 involvantur,
1097 2935 1198 3001 signifi-

113 3010 182 3066 iin,
203 3012 294 3072 modo,
314 3025 349 3062 no
363 3015 562 3076 inluminat.
583 3029 639 3064 me·
677 3034 740 3071 aare
753 3034 808 3072 nou
823 3023 920 3082 potest.
943 3041 974 3054 -
993 3016 1124 3070 Nonnulli
1136 3028 1199 3064 oum

115 3090 181 3149 tuit;
196 3091 323 3152 quocirca
332 3091 510 3143 reiicieudum
519 3095 638 3143 eatFeae
677 3100 771 3163 paucis
784 3099 869 3149 Codd.
881 3099 1046 3162 paduanum,
1066 3094 1118 3144 boe
1136 3107 1200 3142 eon-

113 3167 311 3218 mareotes·
330 3169 555 3234 taootillama'o]
576 3173 639 3223 odo
677 3179 784 3227 etunius
806 3177 857 3228 rati
881 3176 915 3224 ad
937 3189 963 3225 r.
986 3174 1100 3235 lippam:
1127 3171 1199 3235 quod

113 3245 221 3296 minum
230 3248 312 3301 modo
323 3249 466 3311 pecuniam
476 3251 638 3302 corrodendi
676 3259 770 3306 ooutm
799 3259 852 3312 ost3
882 3266 945 3302 nam
973 3251 1087 3306 variatio
1113 3249 1200 3310 magia

114 3324 258 3387 cupidum,
281 3327 362 3376 modo
380 3327 496 3378 iacturas
516 3333 639 3379 metueu-
676 3334 781 3404 planat3
810 3345 861 3382 neo
882 3344 947 3383 vero
972 3335 1037 3394 puto
1057 3327 1200 3378 Horatium

11 3453 14 3462 ,
114 3407 187 3463 tem,
208 3404 267 3466 ipsa
284 3405 381 3455 domus
399 3411 427 3456 et
448 3421 490 3456 res
509 3408 548 3457 aio
561 3414 639 3459 vexat
677 3413 829 3462 Ennianam
843 3411 958 3460 sormam
978 3405 1128 3472 (Nunquam
1138 3409 1200 3467 1³⁰5·

113 3486 196 3543 atque
209 3483 299 3544 angit,
319 3489 349 3533 ut
367 3485 475 3534 tabulae
489 3485 576 3548 pietas
589 3487 638 3550 lip·
677 3499 719 3542 eor
736 3492 787 3539 atsi
802 3491 938 3553 podapar:
957 3500 1028 3551 quae
1046 3485 1200 3549 posteriori·

13 3627 15 3634 .
114 3573 196 3622 pum,
216 3561 278 3625 qui,
299 3576 353 3624 quo
376 3565 461 3625 magis
477 3578 523 3617 aas
540 3565 638 3616 intuari
676 3570 727 3618 bus
761 3568 929 3631 temporibus
960 3565 1031 3630 apud
1055 3565 1200 3625 scriptores

114 3644 244 3699 conatur,
264 3653 297 3690 eo
312 3641 482 3702 gravioribus
499 3643 638 3694 doloribus
678 3648 747 3696 llist.
767 3647 837 3708 bug.
858 3652 885 3698 et
903 3645 1083 3696 Claudianum
1107 3656 1200 3692 rursus

114 3714 246 3776 sinaitam
263 3719 639 3779 utiomenta,medeudicau·
678 3722 848 3789 repetitum)
890 3724 971 3776 iacile
1007 3729 1200 3788 usurpaturum

114 3806 144 3842 sa
163 3795 301 3857 adbibita,
326 3797 399 3848 baud
420 3812 482 3848 raro
502 3800 640 3862 podagrae,
675 3805 770 3855 inisse.

114 3872 222 3924 dolores
243 3881 393 3936 exacuunt;
415 3883 443 3926 ut
461 3879 637 3941 symphoniae
711 3885 755 3934 55.
775 3885 820 3934 55.
857 3879 1000 3945 sincerum]
1021 3882 1198 3933 «mundum»

113 3964 212 4002 nereos
226 3955 564 4008 auditoriosvehementer
581 3959 639 4006 irri-
676 3961 768 4013 Coun.
791 3962 840 4012 Cn.
870 3985 900 3996 -
927 3956 989 4021 oua]
1024 3960 1199 4021 «allegorice

114 4035 185 4090 tant,
216 4045 280 4082 eum
300 4035 361 4097 quis
387 4041 497 4098 propter
517 4037 637 4086 sordium
676 4040 741 4089 dicit
766 4053 814 4089 eoa
841 4054 890 4102 pro
913 4039 1035 4088 bominis
1062 4043 1198 4101 pectora.»

114 4109 215 4158 coitum
236 4108 319 4174 (Cela.
334 4113 362 4173 θ,
376 4110 416 4176 7.)
438 4116 549 4166 auribus
564 4115 638 4165 iabo-
676 4117 780 4169 Aenon.
800 4118 856 4169 Gir.
870 4119 951 4168 Luer.
964 4116 992 4177 b,
1008 4117 1054 4168 ta:
1069 4116 1200 4166 Intellenit
