2920 4792
235 253 317 321 254
597 267 736 316 noanon
758 266 961 316 sarrannum

234 411 332 479 Unde
353 393 504 475 homines
526 427 661 491 operum
684 387 807 491 primos
829 406 986 490 vitaeque
1008 404 1142 468 labores

234 536 432 617 instituunt,
455 533 505 595 sle
528 528 578 592 dis
600 529 773 612 placitum,
795 529 832 590 tu
854 526 1008 590 carminis
1031 528 1105 588 esto

235 653 445 736 Principium.
491 649 617 714 Romae
638 651 834 732 sponsorem
857 635 1031 728 meropia.
1076 643 1154 729 aaa,

234 774 285 840 Ne
308 775 399 858 prior
421 771 531 836 allicio
555 769 724 858 quisquam
746 765 966 849 respondent,
989 783 1086 853 urge.

234 889 317 960 Sive
341 891 463 976 Aquilo
484 889 573 954 radit
595 891 704 951 terras
724 906 784 952 scu
807 887 921 951 bruma
942 885 1095 950 nivalem.
1280 877 1321 938 25

235 1015 401 1077 interiore
424 1010 507 1074 diem
521 1013 617 1096 'gyro
641 1006 759 1091 trahil,
782 1008 830 1070 ire
853 1024 992 1072 necesse
1015 1008 1075 1069 cst.

235 1131 418 1198 Postmodo
442 1128 529 1215 quod
550 1129 593 1209 mi
616 1128 718 1210 obsit,
739 1128 831 1192 clarc
853 1131 1044 1212 certumque
1066 1126 1192 1221 loculo

287 1381 311 1430 1.
347 1394 374 1431 v.
394 1379 438 1428 27.
460 1376 544 1428 locuto
563 1389 699 1440 superscr.
716 1389 760 1426 um
778 1375 805 1424 b.
825 1374 939 1424 locutum
956 1386 987 1423 or
1007 1385 1089 1436 prava
1108 1385 1179 1421 corr.
1200 1385 1225 1421 c.

275 1503 312 1552 il.
349 1517 376 1553 v.
396 1501 440 1552 21.
455 1473 685 1563 primoa'opoam
702 1497 733 1546 F.
771 1510 797 1546 v.
816 1493 861 1544 at.
880 1507 956 1558 uapor
974 1493 1004 1544 L.

235 1708 353 1772 molior]
374 1709 428 1759 Cir.
444 1710 477 1757 ad
491 1708 580 1757 Carm.
595 1705 657 1758 sec,
667 1705 713 1755 lii.
724 1728 755 1740 -
796 1703 962 1764 stringens»
982 1705 1011 1751 ut
1023 1703 1116 1751 rodere
1132 1702 1203 1752 litor.
1222 1700 1322 1752 Diiiert

235 1785 330 1850 mdia]
358 1782 511 1846 «ἀκούεις,
533 1781 646 1844 κλύεις,
666 1783 755 1844 appel·
797 1781 881 1843 Epud.
896 1781 938 1840 16,
953 1781 997 1829 55.
1020 1803 1050 1816 --
1071 1781 1199 1829 interiora
1211 1804 1222 1814 -
1234 1775 1318 1843 pyro]

236 1869 329 1918 laris.»
350 1889 383 1902 -
404 1859 489 1923 Unde]
510 1861 755 1924 «aquoptuttld.
798 1860 959 1909 «solstitium
991 1858 1110 1909 hiemale
1142 1859 1214 1908 leole
1242 1859 1318 1907 ducit

235 1948 262 2006 1,
284 1942 393 1999 12,.17.
415 1965 446 1976 -
465 1943 505 1988 dia
524 1935 670 2001 placitum]
700 1939 755 1988 Cir.
796 1938 882 1997 diem,
914 1939 960 2000 qui
986 1938 1040 1986 iam
1066 1937 1218 1998 breviorem
1239 1938 1320 1984 hora-

237 2023 287 2071 Od.
303 2021 387 2079 1‚33‚
403 2020 446 2068 11.
474 2019 561 2081 Epod.
579 2018 605 2076 9,
625 2017 651 2066 3.
680 2017 714 2066 ll.
734 2017 753 2065 l.
796 2029 873 2075 rum,
902 2017 1000 2078 quibus
1019 2015 1060 2065 sol
1078 2015 1164 2074 lucet,
1186 2014 1320 2064 circulum

236 2103 392 2151 dictumest
408 2111 462 2146 non
476 2098 535 2146 siue
549 2095 604 2144 leui
614 2096 756 2164 εἰρωνείᾳ,
796 2095 959 2152 describis»
988 2099 1017 2142 ut
1037 2094 1108 2142 inter
1124 2094 1213 2154 plures
1231 2094 1319 2142 eircu-

153 2171 156 2174 ’
236 2193 288 2244 qua
306 2191 335 2227 se
349 2175 585 2239 ipseconsoialur:
606 2174 676 2222 olam
689 2173 757 2222 haec
795 2175 849 2233 los,
870 2175 969 2237 quihus
987 2174 1108 2222 idemost
1124 2179 1259 2230 centrum,
1279 2173 1319 2220 in·

236 2260 349 2308 deorum
368 2249 617 2312 estvoiuotassut
634 2251 757 2314 praeside
795 2254 907 2302 teniores
933 2265 1041 2314 semper
1065 2252 1173 2302 bravius
1199 2251 1317 2313 spatium

236 2337 351 2398 toplona
364 2335 489 2384 laborum
499 2333 531 2382 sit
546 2332 598 2382 vita
609 2332 755 2380 humana.»
796 2331 1032 2388 circumscribunt.
1062 2331 1118 2380 Cio.
1142 2331 1175 2380 de
1196 2330 1228 2380 N.
1242 2329 1275 2378 D.
1289 2329 1316 2387 2,

237 2437 268 2450 -
297 2409 405 2474 Romae]
439 2413 528 2462 «Cum
553 2411 654 2459 Romae
679 2423 755 2468 sum,
795 2412 839 2461 dl.
859 2425 890 2460 ex
909 2410 1013 2459 Arateis
1032 2410 1087 2458 suis
1108 2409 1142 2458 de
1160 2408 1317 2472 Cynosura:

225 2506 317 2558 ,mane
338 2505 382 2540 me
404 2491 477 2554 rapis
503 2501 632 2552 sponsum
656 2488 684 2537 in
707 2488 757 2536 Fo-
795 2491 862 2554 Nom
879 2503 956 2538 corso
973 2487 1319 2537 iotariorabreoiconocrti·

237 2584 335 2620 ruma»
363 2566 442 2633 (lipp.
457 2569 483 2627 2,
498 2569 524 2623 2,
539 2567 588 2616 67:
617 2567 757 2626 Hioapon·
796 2575 840 2616 tur
860 2568 931 2616 orbe.
977 2567 1051 2628 Virg.
1078 2566 1147 2614 Aen.
1171 2567 1222 2624 11,
1246 2564 1316 2614 coer

235 2643 425 2709 stomomate),
447 2647 465 2694 i.
479 2659 504 2694 e.
521 2645 623 2693 Romae
641 2642 758 2691 necessi·
795 2647 875 2704 eludit
888 2659 954 2709 pyro
967 2646 1087 2695 interior.
1115 2645 1223 2702 Trahit,
1245 2644 1316 2705 quod

234 2732 317 2774 tatem
342 2726 408 2773 mihi
430 2712 584 2785 impositam
605 2723 691 2770 sentio
708 2735 756 2783 pro
797 2724 918 2788 plerique
934 2725 1024 2773 minus
1044 2729 1169 2772 accurate
1187 2723 1318 2784 interpre-

235 2805 288 2853 hoc
302 2803 344 2853 vel
362 2803 410 2851 illo
420 2802 508 2850 amico
522 2800 663 2860 confestim
677 2812 758 2861 spon·
795 2809 886 2852 tantur
900 2803 1083 2862 «contrahllpi
1105 2801 1201 2871 melius
1215 2801 1316 2850 Bothe:

236 2881 333 2939 doadi,
360 2881 412 2929 nisi
434 2879 553 2929 insuavis
570 2884 597 2927 et
618 2878 757 2940 negligen·
798 2881 981 2934 olenteducit
1000 2881 1077 2943 quasi
1098 2881 1251 2941 ingratum,
1272 2879 1317 2942 qui

237 2959 289 3008 tior
306 2958 400 3007 haberi
419 2957 529 3008 velim.»
548 2981 572 2990 -
587 2957 640 3004 Eia
652 2981 662 3011 r
674 2954 755 3018 urpc]
796 2961 838 3011 vix
856 2951 896 3009 ire
918 2960 1041 3010 videatur
1050 2959 1074 3020 ',»
1094 2956 1155 3020 (etsi
1176 2961 1317 3024 praetcrea

236 3037 286 3086 llis
314 3051 357 3088 vv.
380 3050 409 3085 se
439 3036 495 3098 lpse
523 3035 647 3102 hlorlatur
672 3035 758 3084 Hora·
794 3037 1046 3099 longe-hreviorem
1068 3031 1193 3098 aestivo.)

236 3115 304 3163 tius:
335 3108 467 3180 »ἔπειγε,
493 3126 622 3175 propera,
642 3114 756 3175 nequis
829 3116 874 3165 27.
894 3116 938 3166 28.
975 3113 1131 3178 Postmodo]
1155 3115 1238 3165 oCum
1259 3128 1318 3176 pro-

236 3194 331 3242 inhoc
351 3191 440 3242 oliicio
459 3192 614 3254 recipiendo
637 3198 662 3241 te
680 3203 755 3254 prae·
795 3195 922 3244 nuntiare
960 3194 1114 3256 sponsionis
1154 3193 1316 3252 formulam,

237 3273 367 3330 voniai;»
386 3277 467 3333 atque
484 3269 567 3319 cilicii
580 3271 706 3332 cogitatio
720 3271 757 3320 ia·
795 3286 864 3335 quae
877 3272 1006 3332 fortasse,
1031 3273 1076 3322 uhi
1094 3273 1222 3322 creditori
1239 3286 1255 3321 a
1274 3286 1318 3322 mo

236 3363 300 3400 vere
321 3350 383 3398 huic
401 3349 615 3411 interpretationi
632 3350 755 3408 videtur;
796 3352 1017 3400 satisfaciendum
1028 3352 1087 3410 erit,
1108 3352 1130 3400 si
1144 3351 1251 3402 debitor
1260 3352 1317 3414 ipse

237 3443 301 3477 nam
312 3429 417 3477 Horatii
427 3429 510 3489 ipsius
520 3428 608 3489 potius
621 3441 703 3490 quam
713 3427 757 3476 dei
795 3422 925 3480 solvendo
939 3442 994 3478 non
1007 3428 1103 3488 luerit,
1123 3429 1190 3478 mihi
1200 3435 1317 3492 postmo-

236 3507 304 3556 haec
321 3507 469 3556 exhortatio
482 3520 541 3555 esse
555 3507 679 3558 debebat.
703 3506 758 3554 Alii
795 3508 829 3557 do
843 3521 941 3557 noram
951 3505 1085 3557 alienata»
1107 3521 1137 3556 ex
1152 3509 1255 3557 Biantis
1270 3509 1316 3558 ille

237 3585 304 3632 haec
317 3598 360 3634 vv.
375 3584 594 3643 lauotrihuunl,
615 3584 758 3634 Horatium
795 3583 912 3656 γνώμῃ,
927 3600 996 3648 quac
1007 3586 1034 3636 in
1045 3587 1218 3648 proverbium
1232 3587 1317 3636 ahiitr

237 3661 372 3710 excitanti.
393 3661 447 3710 Cir.
462 3661 650 3722 Pors.5,133:
665 3661 755 3724 Sorpc,
793 3662 916 3728 Ἐγγύα,
936 3660 1016 3732 πάρα
1036 3661 1059 3712 ‹l’
1077 3658 1145 3714 ἄτα.
1186 3661 1318 3727 (Spondet

236 3739 322 3800 ioqoit
335 3739 474 3799 Aooritlo3
494 3741 644 3803 ctoSorpoi
664 3738 756 3800 Longe
795 3753 868 3789 noca
898 3747 1007 3802 precato
1041 3740 1101 3803 est.)
1141 3741 1321 3804 Epicharmus

237 3817 327 3866 minus
342 3824 414 3868 recte
428 3818 493 3867 alli:
514 3818 660 3870 «Matutine
671 3821 757 3878 paler,
796 3818 823 3865 in
838 3817 922 3868 Grotii
935 3820 998 3868 Erc.
1014 3834 1041 3883 p.
1054 3820 1121 3870 481:
1143 3815 1250 3886 Ἐγγύα
1271 3819 1321 3872 ‘do-

237 3909 318 3957 urgc‚
338 3896 535 3959 impeliemom
566 3904 568 3910 ’
796 3893 962 3968 γάτηρμὲγ
982 3892 1074 3960 ἄτας,
1100 3896 1209 3964 ἐγγύας
1224 3897 1256 3948 δὲ
1276 3901 1291 3962 ζ
1310 3925 1321 3936 -

272 3973 317 4024 25.
345 3975 390 4023 26.
435 3975 529 4036 Aquilo
547 3970 638 4034 rodit]
671 3972 756 4035 «ssat,
796 3974 861 4035 μία.
899 3975 1024 4025 Ceterum
1044 3977 1144 4038 iunge:
1168 3977 1238 4040 quod
1256 3979 1322 4027 mihi

237 4057 326 4118 terrac
355 4051 525 4116 superficiem
554 4052 664 4112 rodone,
700 4057 759 4113 por·
798 4052 1019 4114 eleemosinario,
1031 4069 1086 4105 non
1095 4069 1157 4104 cum
1169 4054 1321 4122 plerisque:
