2822 4794
484 337 548 382 LIB-
571 337 591 382 1.
635 340 708 384 ΕΜ.
731 339 750 383 l.

112 475 243 540 Contra
266 479 447 558 mercator,
470 493 589 540 novem
612 478 815 543 iactantibus
835 479 994 546 Austris:

110 597 239 661 Milton
262 601 315 662 est
337 599 458 682 potior.
501 596 590 680 Qtaid
611 591 725 664 enlm?
747 604 973 667 concurritur:
996 603 1099 672 horne

109 717 288 784 Memento
309 719 378 784 citu
399 737 488 784 mors
509 721 603 785 venit
624 724 683 786 out
703 721 849 788 victoria
869 724 970 790 lectu.
1014 753 1018 760 ·

114 893 149 1014 xi
184 908 211 947 v.
230 893 259 943 c.
277 890 383 957 novem]
409 893 472 945 bSo.
494 899 524 946 ut
541 899 698 946 constanter
715 903 756 947 est
773 899 846 962 apud
873 897 1045 956 Ciceronem.
1065 907 1155 957 navim

68 963 99 1012 B.
150 999 158 1014 .
195 979 223 1016 r.
242 964 269 1014 8.
288 965 422 1016 Memento
439 961 511 1028 nto]
531 965 617 1016 BbSc.
636 967 768 1018 Memento
785 975 833 1020 ortt
850 971 905 1020 cito
922 971 960 1022 Μ.

111 1071 151 1120 ll.
188 1085 215 1121 v.
234 1070 370 1122 o.·mvim
388 1071 486 1122 LCTF.
522 1087 550 1124 v.
569 1073 598 1124 7.
625 1073 694 1138 Quid
718 1075 768 1126 oi?
794 1079 963 1129 concurritur
985 1079 1017 1131 F.
1036 1091 1052 1131 ο
1070 1081 1154 1134 codd.

66 1153 95 1191 v.
115 1141 144 1190 8.
164 1139 295 1193 Memento
313 1148 361 1192 out
378 1143 432 1192 citu
449 1141 480 1192 L.

97 1247 151 1298 ΙΙΙ.
188 1247 243 1298 Sat.
263 1248 286 1297 l.
306 1262 333 1301 a.
352 1247 379 1298 8.
398 1249 531 1301 Memento
549 1255 596 1302 aut
615 1251 669 1300 cito
687 1264 702 1301 e
721 1249 806 1302 Ctdd.
826 1249 962 1306 Lambini.

102 1390 132 1441 l.
159 1349 193 1440 5.·
232 1393 322 1455 pravis
348 1387 442 1453 annu]
477 1391 594 1442 Theocr.
634 1405 693 1443 sum
716 1407 797 1458 saepe
819 1395 984 1460 desinentis,
1003 1415 1066 1452 cum
1082 1410 1156 1456 extra

65 1470 113 1529 nt,
129 1470 196 1518 100:
214 1466 310 1548 βαρὺς
323 1469 480 1533 ἐνιαυτοῖς.
519 1471 592 1534 Virg.
633 1486 731 1534 agmen
763 1474 790 1522 in
819 1477 931 1538 castris,
962 1478 991 1528 in
1019 1483 1155 1544 praesidio

65 1547 249 1606 demittit:
269 1549 318 1597 Hic
330 1552 421 1612 procis
429 1551 595 1613 anntautqne
633 1551 733 1600 alicubi
750 1558 804 1611 est3
836 1561 977 1618 praetereo
998 1573 1060 1608 cum
1082 1563 1155 1612 haud

65 1628 155 1676 animi
165 1634 287 1676 motiones
298 1627 391 1678 snm.
428 1629 487 1680 liv.
501 1630 528 1685 7.
543 1630 591 1680 39:
633 1632 755 1694 perpetui
780 1635 909 1696 temporis
934 1650 1018 1686 onere
1044 1652 1154 1702 prorsus

64 1706 377 1770 mititesoetcteprooes.
404 1707 532 1769 intellige
545 1709 594 1758 ml·
632 1721 755 1771 pugnare
771 1725 798 1762 v.
819 1713 874 1762 tom
893 1710 1060 1779 (teretis),
1081 1721 1154 1781 quod

64 1783 161 1845 litem,
180 1785 223 1833 oui
246 1786 288 1835 vel
308 1787 377 1836 ratio
402 1787 445 1838 vel
464 1786 520 1837 tors
541 1788 593 1838 hoc
631 1793 677 1838 aut
693 1789 873 1840 omittendum
894 1799 940 1842 aut
957 1807 1020 1844 cum
1039 1811 1063 1847 v.
1077 1799 1155 1848 simui

64 1864 140 1914 vitae
163 1876 248 1924 genus
269 1864 407 1915 obtulerit.
445 1865 471 1916 ls
489 1867 593 1930 stipeu-
631 1869 843 1930 permutandum
853 1875 925 1931 erat3
944 1874 1000 1922 ium
1012 1876 1085 1924 enirn
1099 1890 1156 1927 ma·

66 1942 179 1991 diorum
208 1943 285 1992 initio
309 1957 341 1994 cx
367 1945 469 2006 praeda
493 1945 536 1996 uel
561 1960 592 1996 ex
632 1946 1154 2017 niiestonondefatigationemroquiete

65 2022 142 2082 agris
156 2022 325 2083 assignandis
343 2024 451 2075 divitias
469 2037 593 2087 sepera-
631 2025 711 2074 lacile
724 2025 885 2083 hiandum,
905 2031 953 2080 sed
963 2032 1115 2086 debilitatus
1125 2037 1153 2085 in

64 2107 159 2150 tnrnm
173 2101 321 2164 aliquando
339 2108 475 2166 sperarat;
496 2109 525 2152 at
533 2108 593 2167 post
631 2109 792 2167 perpetuum
804 2106 876 2158 vires
890 2108 1033 2170 significet.

64 2179 209 2242 complura
228 2181 381 2242 stipendia,
402 2195 464 2231 cum
479 2184 533 2232 iam
548 2195 593 2232 ae·
665 2183 753 2232 6-8.
777 2183 922 2248 monotes]
942 2182 1091 2261 ἔμπορος,
1105 2194 1152 2256 qui

65 2265 123 2308 tate
140 2260 292 2321 provectior
309 2274 360 2309 nec
377 2261 442 2310 dum
458 2261 533 2313 dives
553 2261 592 2312 ie·
632 2263 689 2326 ipse
711 2277 816 2314 merces
838 2266 904 2314 emit
920 2267 948 2316 in
966 2269 1030 2318 Asia
1048 2277 1111 2332 puta
1128 2279 1156 2322 ct

64 2345 129 2388 ctus
147 2343 202 2398 est,
221 2344 332 2402 propior
348 2340 375 2389 id
395 2341 499 2404 ipsum,
520 2341 591 2404 quod
631 2342 751 2405 Aegypto
771 2343 939 2408 Romamque
958 2355 1096 2410 opportet,
1117 2352 1156 2400 di·

66 2419 199 2482 pristinae
216 2420 276 2468 eius
295 2421 366 2471 vires
384 2422 520 2471 continuis
538 2420 592 2470 illis
631 2433 725 2472 versus
746 2426 773 2470 et
793 2435 809 2470 a
830 2426 996 2486 nepotiotorc
1016 2432 1042 2476 et
1059 2441 1075 2477 a
1090 2443 1154 2490 pro-

64 2499 339 2561 laborlbus‚·quibus
353 2501 593 2551 vacaredelsebant
628 2500 703 2561 poto.
725 2524 755 2534 -
775 2498 892 2562 Amoris]
922 2502 1024 2554 Seneca
1041 2505 1091 2567 Ep.
1105 2508 1154 2557 lla

65 2579 168 2626 milites
188 2578 318 2637 Romani,
343 2580 489 2629 exhaustae
514 2584 590 2638 sunt,
632 2578 948 2640 decimumnonum,
969 2585 1095 2632 traiecisti
1105 2587 1157 2648 fre-

65 2657 142 2706 omnl
157 2657 268 2706 maioris
281 2663 409 2720 quaestus
422 2658 593 2720 speirenun·
631 2663 696 2706 tum.
735 2657 899 2706 Temerarius
915 2659 1076 2722 qndsrnotor
1096 2677 1156 2712 con·

65 2735 190 2784 tiendum
205 2749 265 2784 csse
280 2737 370 2795 videt,
391 2737 506 2798 ideoque
525 2737 593 2786 invi·
631 2737 735 2797 tempsit
744 2735 833 2786 Austri
848 2739 949 2788 minua:
967 2737 1013 2788 ilte'
1025 2747 1062 2790 est
1074 2745 1152 2798 enim,

68 2815 113 2863 det
125 2816 288 2874 mercatori,
309 2815 355 2878 qui
374 2817 470 2865 eodem
487 2815 532 2866 vel
544 2815 593 2864 ml·
631 2817 675 2878 qui
688 2815 922 2880 semicaperque
934 2827 1069 2881 exasperet
1086 2829 1111 2870 st
1126 2825 1156 2870 in

68 2907 135 2942 nore
161 2895 243 2944 etiam
267 2900 389 2957 tempore
413 2894 535 2958 locuples
555 2895 593 2943 ia·
630 2895 737 2943 uertices
760 2901 846 2957 copot.
876 2919 906 2930 -
940 2897 1008 2957 Quid
1039 2898 1154 2962 enimi]
1184 2911 1188 2918 ·

23 2979 25 2986 ·
68 2979 188 3024 ctusest.
227 2974 309 3024 Recte
328 2974 454 3022 Iahniusz
484 2973 594 3034 «siqni-
632 2973 709 3035 quusi
733 2978 893 3036 sequeretur
923 2981 1037 3024 «eontra
1062 2977 1152 3036 dices,

68 3049 129 3100 licet
147 3052 227 3112 potita
251 3065 306 3100 non
329 3065 413 3100 annos
431 3053 517 3112 citae,
545 3051 593 3101 sed
631 3051 789 3102 obiiciest»
818 3051 864 3101 Est
886 3066 915 3102 er
939 3067 1065 3104 sermone
1090 3071 1156 3120 quo·
1238 3040 1243 3049 ¹

67 3142 151 3178 onnes
170 3129 313 3179 militiae.»
350 3129 442 3180 Multis
464 3143 494 3180 se
520 3143 593 3179 com·
632 3131 749 3188 tidiano‚
769 3135 799 3179 ut
816 3128 930 3201 τὶγάρ,·
947 3131 1008 3194 πῶς
1024 3132 1081 3204 γὰρ
1098 3131 1154 3196 οὕ;
1234 3182 1240 3193 ,

68 3208 206 3259 mondavit
219 3209 375 3258 coniectura
391 3210 483 3269 annis,
503 3208 592 3258 facilis
630 3209 710 3272 Apud
727 3209 888 3260 Ciceronem
906 3223 1015 3272 semper
1032 3214 1156 3276 seqnitur

69 3285 116 3334 illa
128 3288 239 3349 quidem
256 3293 283 3337 et
296 3289 446 3338 admodum
458 3289 591 3351 speciosa,
631 3289 716 3338 altera
726 3289 916 3350 interrogatior
936 3290 970 3338 de
980 3291 1059 3340 Finn.
1070 3293 1153 3346 219:

69 3377 132 3414 cum
144 3367 225 3416 etiam
234 3367 306 3428 apud
319 3366 398 3416 ovid.
412 3367 477 3418 Met.
492 3368 518 3428 8,
530 3368 592 3417 ³12.
632 3365 794 3428 Quidenim?
807 3368 843 3416 od
851 3368 979 3416 amicosne
987 3371 1156 3431 consopitam?

68 3449 148 3506 atque
160 3445 226 3495 alibi
238 3459 283 3498 vv.
297 3447 375 3494 annis
392 3450 419 3495 et
433 3447 516 3494 armis
529 3458 594 3495 con·
632 3446 701 3494 lbid.
710 3445 786 3494 c.28=
798 3445 866 3506 Quid
872 3445 1157 3496 enimisnmmnsdoior

69 3521 226 3580 laudantur.
263 3524 323 3575 Non
342 3528 434 3573 tamen
451 3525 515 3574 satis
529 3537 593 3587 per·
628 3523 783 3586 ptoresotics
797 3523 1014 3583 mancrepotest?
1043 3523 1153 3576 sioni.

69 3607 220 3663 spuerunt,
235 3602 367 3653 Codicum
380 3602 497 3652 lectione
510 3602 593 3664 signi·
631 3599 840 3651 dicerelicebat:
853 3599 921 3660 Quid
929 3601 1017 3650 enimi
1026 3600 1154 3668 (quiricii)

69 3680 143 3730 ticari
168 3682 212 3737 id,
239 3681 313 3745 quod
334 3681 380 3730 hie
407 3681 451 3732 uel
476 3681 592 3730 maxime
629 3695 715 3730 nonne
736 3679 901 3729 concurritur
917 3683 991 3730 cett
1016 3707 1049 3718 ·-
1075 3684 1156 3732 noros

70 3761 232 3822 requiritur,
274 3760 368 3810 militis
402 3760 593 3810 condicionem
630 3755 1153 3822 momento]«brevil10raetempore‚

71 3845 131 3900 post
148 3845 252 3890 certum
276 3839 473 3903 stipendiorum
488 3851 594 3901 ,trume-
631 3843 732 3902 puncto
745 3837 904 3900 temporis.»
924 3836 1023 3887 Senon.
1044 3838 1111 3901 Epp.
1125 3840 1152 3899 2,
1215 3889 1225 3908 .

72 3929 132 3966 rum
151 3933 333 3982 magnacum
350 3919 477 3970 molestia
487 3931 593 3981 perma·
630 3918 724 3976 217:
746 3922 846 3978 puncto
857 3915 960 3965 mobilis
972 3916 1062 3966 torae.
1094 3917 1153 3968 Liv.

73 4001 192 4054 nentem,
213 4012 275 4047 cum
299 3999 354 4051 iam
372 4011 419 4061 spe
438 4010 498 4048 sese
519 3996 594 4048 locu-
631 3996 658 4055 5,
671 3996 705 4045 7:
732 3995 812 4043 torae
832 4000 961 4042 moritonio
982 3994 1059 4042 simul
1080 4009 1156 4059 appe-

73 4072 189 4136 pleiandi
211 4077 353 4126 destitutus
370 4082 425 4126 ests
453 4073 594 4125 Bouhiorii
631 4072 985 4122 remoeoinooaincendiurn
993 4071 1091 4120 hausit.
1112 4073 1153 4121 ld.

73 4165 136 4202 vero
158 4156 330 4218 coniectura,
360 4154 503 4205 molestiae
529 4165 594 4202 sen·
631 4152 657 4206 ti.
670 4151 706 4200 o:
725 4156 856 4200 moerente
869 4150 1038 4199 nntsutorae
1051 4149 1156 4202 Somou
