2856 4782
486 321 551 367 utu.
573 319 594 366 l.
635 321 708 368 SM·
729 323 798 368 Vlll·

399 783 674 917 snurnn
732 827 886 915 vrrr.

99 1083 186 1152 Olim
209 1087 350 1153 truncus
372 1099 461 1152 e'ram
483 1087 638 1166 ficulnus,
660 1089 777 1154 inutile
798 1089 943 1177 lignum,

97 1202 180 1273 Cum
201 1205 300 1272 faber
320 1209 469 1274 incertus
489 1228 656 1275 scamnum
679 1209 852 1276 faceretne
873 1207 1047 1295 Priapum,

97 1326 222 1391 Maluit
244 1345 321 1392 esse
344 1327 449 1393 deum.
473 1316 584 1395 'Deus
605 1329 682 1395 inde
704 1349 790 1420 ego,
812 1330 919 1395 furum
942 1333 1117 1416 aviumque

97 1447 249 1512 Maxima
271 1447 428 1513 formido:
451 1468 526 1514 narn
548 1451 641 1516 fures
662 1451 783 1516 dextra
805 1455 939 1517 coercet

99 1567 340 1655 Obsessusque
361 1571 462 1636 ruber
483 1575 660 1656 porrectus
676 1571 723 1637 'ab
745 1573 882 1660 inguine
904 1571 1018 1656 palus3
1160 1565 1179 1628 5

97 1688 165 1754 Ast
187 1691 394 1774 importunas
415 1692 572 1758 volucres
593 1693 627 1756 ln
648 1693 778 1758 vertice
799 1691 927 1757 arundo

131 1921 204 1971 vlit.
237 1921 323 1972 Multa
337 1933 398 1971 cum
412 1922 547 1974 evidentia
560 1937 622 1973 uar·
659 1928 798 1988 tamquam
831 1929 926 1974 auctor
958 1923 1118 1985 fertilitatis,
1153 1923 1181 1975 iu

97 2007 152 2062 rat,
173 2015 227 2064 quo
245 2001 362 2050 ridiculo
380 2003 462 2052 modo
479 2001 622 2052 ldaeceua·
659 2003 754 2066 primis
778 2005 928 2054 hortorum.
956 2003 1093 2054 Poitruatia
1118 2004 1182 2053 ridi-

97 2081 129 2129 tis
147 2080 262 2142 Priapus
283 2079 439 2142 Esquilinus
461 2080 622 2143 perterrefe-
660 2081 720 2130 cula
737 2087 764 2130 et
783 2083 918 2132 obscoena
938 2083 965 2131 iu
984 2083 1042 2132 eius
1059 2083 1180 2142 laudem,

98 2160 164 2208 cerit
187 2157 344 2219 veneficas,
388 2158 530 2209 Canidiam
564 2161 621 2210 aive
659 2173 729 2222 quae
749 2161 782 2209 ad
799 2175 849 2209 nos
865 2167 1048 2224 pervenerunt
1065 2173 1096 2210 ea
1114 2161 1183 2210 antl-

96 2237 264 2298 Gratidiam,
286 2251 384 2300 quam,
410 2238 524 2289 fortasse
545 2239 621 2302 prius
659 2255 775 2305 quorum
793 2251 885 2300 seusu,
909 2253 964 2289 non
981 2254 1011 2289 ea
1029 2245 1121 2289 nostro
1142 2239 1183 2288 iu·
1235 2235 1240 2248 ⁴

95 2317 233 2377 amicam,
262 2322 372 2379 propter
395 2319 481 2368 malas
499 2325 571 2370 artes
589 2334 621 2370 ac
660 2320 778 2370 dicanda
800 2323 871 2367 suut.
896 2341 926 2354 -
947 2316 1059 2380 Maluit]
1088 2318 1180 2379 ocur,
1285 2323 1290 2331 “

96 2395 254 2459 perfidiam,
282 2397 380 2458 quibus
401 2399 541 2459 utebatur,
567 2401 621 2452 siu·
660 2401 717 2462 ipse
733 2397 899 2446 nesciebat.»
937 2395 1122 2458 Egregiamiu
1139 2398 1181 2446 bis

96 2475 182 2536 gulari
204 2475 269 2524 odio
291 2478 504 2540 persequebatur
522 2479 619 2542 podta,
660 2475 744 2540 ipsius
757 2474 800 2523 dei
821 2473 911 2524 verbis
927 2473 1016 2522 inesse
1032 2476 1183 2544 εἰρωνείαν

96 2558 121 2602 et
150 2553 302 2616 Saganam,
327 2555 385 2603 eius
406 2556 525 2614 sociam;
555 2557 620 2605 acite
660 2555 747 2618 quiris
765 2553 854 2602 sentit.
892 2551 982 2615 Priap.
1003 2553 1037 2601 c:
1063 2554 1183 2602 lnsalsts·

96 2632 176 2681 simul
200 2633 390 2682 immiscentur
409 2635 490 2682 amici
515 2635 622 2685 blaecc-
659 2635 726 2682 sima
748 2633 811 2696 qnid
834 2629 922 2692 patella
942 2631 1034 2678 rideat
1064 2631 1123 2679 Non
1142 2645 1183 2680 me

95 2713 165 2760 natis
179 2711 275 2760 laudes
288 2712 324 2761 ob
333 2713 482 2762 restitutam
492 2713 621 2776 Esquiliis
660 2711 808 2761 Praxiteles
820 2709 949 2772 Scopasee
964 2709 1040 2772 fecit,
1059 2709 1109 2758 Nec
1126 2723 1183 2758 sam

95 2790 293 2840 salubritatem.
309 2786 346 2853 (a.
359 2805 388 2841 u.
402 2805 426 2841 c.
441 2792 490 2840 '121
500 2787 524 2854 f)
543 2791 622 2841 Artes
659 2791 786 2840 Phidiaco
798 2802 879 2838 manu
892 2787 1005 2850 politam
1028 2789 1072 2837 aad
1084 2789 1183 2853 lipnam

95 2869 217 2930 magicas
225 2870 501 2920 describuntheocr.
509 2871 535 2919 2.
546 2871 623 2930 virg:
659 2871 723 2918 ratde
741 2869 833 2917 silim
853 2868 954 2917 dotavit
970 2868 1006 2916 Et
1020 2868 1090 2916 dimit
1107 2869 1181 2928 mibi,

95 2948 152 2996 llcl.
168 2948 195 2997 8.
216 2949 319 2997 Tibull.
334 2949 359 3008 1,
374 2949 400 2997 2.
420 2948 541 3012 Propert.
554 2947 581 3007 lt,
592 2947 619 2996 5.
661 2949 700 2998 Tu
717 2949 830 3008 Priapat
854 2952 917 2995 esto.
954 2945 1077 3008 Propert.
1099 2946 1134 3006 d,
1154 2947 1181 3006 2,

96 3026 173 3076 Ouid.
189 3027 256 3076 ller.
267 3027 297 3088 o,
312 3027 356 3076 83.
376 3027 480 3077 Lucan.
494 3027 521 3088 6,
534 3027 620 3076 tso-
659 3027 710 3076 60:
741 3020 936 3088 (Vertumnus)
965 3023 1051 3086 Stipes
1075 3037 1185 3074 acernus

97 3103 157 3153 830.
574 3143 580 3150 .
659 3118 731 3154 mum
753 3103 911 3167 properanti
934 3103 1000 3164 fulco
1020 3103 1134 3152 dolatas.
1150 3127 1182 3142 ·-·

129 3181 226 3232 1-7.
272 3183 366 3232 inatile
401 3179 517 3248 lionam]
555 3181 619 3232 uAd
658 3175 829 3248 formidolb.
843 3181 862 3230 l.
877 3181 963 3243 prima
974 3178 1183 3241 significatione,

96 3261 161 3310 nibil
184 3265 298 3323 aptum;
335 3274 398 3310 uam
425 3261 537 3311 materia
562 3261 620 3310 eius
660 3259 877 3310 Schwabe·
897 3255 1006 3320 dextra]
1027 3271 1080 3321 qua
1102 3260 1184 3308 modo

95 3341 198 3389 arboris
217 3343 329 3404 propter
346 3340 521 3404 fragilitatem
539 3340 621 3390 nullis
660 3339 772 3399 fustem,
817 3337 899 3387 modo
930 3336 1030 3385 falcem
1063 3338 1182 3386 tenebat.

95 3418 203 3468 fabricis
228 3425 271 3468 est
295 3424 390 3481 apta.»
430 3419 521 3470 Cornu.
536 3419 619 3476 Caua.
659 3418 733 3478 virg.
748 3417 788 3466 tr.
808 3416 836 3475 d,
858 3416 923 3464 110:
943 3415 978 3463 lit
995 3419 1079 3462 natos
1094 3415 1184 3477 saram

95 3493 222 3547 Σύκινον
257 3493 369 3559 ξόανον
407 3496 499 3561 Priapi
540 3498 621 3547 babet
659 3503 737 3560 utque
755 3495 912 3543 ooirrmcam
927 3492 1109 3556 suberatipaa
1122 3493 1185 3542 Het-

95 3576 175 3625 etiam
184 3575 325 3624 Theocrit.
336 3575 385 3638 Ep.
395 3575 422 3624 d.
443 3577 514 3626 llinc
525 3575 620 3625 Graeci
658 3574 811 3636 torpentium·
849 3576 931 3621 servet
963 3571 1046 3622 tutelo
1078 3571 1182 3635 Priapi.

95 3652 216 3716 σύκινος
241 3648 333 3722 α’νήρ,
366 3655 473 3720 συκίνη
498 3651 619 3720 γνώμη,
659 3652 749 3715 Priap.
779 3649 831 3711 63,
861 3651 889 3699 a.
927 3654 1020 3699 contra
1060 3651 1184 3700 forabilis

95 3732 198 3796 συκίνη
209 3730 378 3800 ἐπικουρία.
391 3755 421 3766 -
433 3729 517 3795 faber]
535 3732 622 3793 ligna·
659 3731 720 3780 deas
746 3732 813 3794 farte
843 3728 1004 3791 appellatur.
1032 3755 1060 3765 -
1087 3725 1182 3790 polus]

96 3808 159 3857 rius.
174 3811 232 3858 der
250 3809 389 3858 Meister
403 3810 481 3860 Voss.
496 3835 529 3848 -
545 3811 622 3859 Pria-
659 3810 813 3858 membrum
833 3807 912 3858 virile
929 3808 1072 3872 bipedale,
1097 3809 1183 3856 minio

93 3884 155 3949 pus]
187 3889 257 3936 deus
282 3889 398 3948 agrestis
425 3889 623 3952 Lampsaceno·
659 3887 792 3943 oblitum,
828 3885 979 3950 symbolum
1010 3885 1183 3935 fecunditatis

96 3978 170 4026 rum,
206 3965 272 4015 iude
308 3966 354 4014 diu
383 3972 442 4030 post
471 3968 622 4017 llomerum
660 3965 891 4028 simplicissimum
911 3965 982 4026 apud
999 3963 1183 4014 huiuscultus

96 4047 173 4104 atque
192 4044 346 4094 Hesiodum
367 4045 394 4094 iu
408 4045 550 4095 Graeciam
569 4045 622 4107 pri·
659 4050 821 4106 repertores.
844 4065 878 4078 -
899 4037 1020 4103 amando]
1051 4041 1184 4089 «arundi-

96 4133 184 4182 mum,
205 4122 308 4172 deiude
323 4123 349 4172 in
365 4123 473 4174 Latium
489 4124 620 4184 inuectus,
659 4137 726 4174 uum
754 4121 905 4191 fasciculus·
929 4125 1011 4173 rento
1040 4123 1183 4182 quassatus
