2856 4782
824 47 1195 250 Q

496 325 561 370 m.
582 325 604 370 ..
645 325 718 372 sn.
739 323 785 373 v..
811 270 1069 434 4438)
1127 183 1180 380 oo

28 488 32 496 -
95 456 176 542 lpse
196 457 275 522 milri
299 463 416 525 custos
438 464 744 548 incorruptlseimue
765 483 880 532 omnen

94 573 226 644 Circum
251 577 411 646 doctores
431 581 560 648 oderat.
605 581 693 665 Quid
715 579 843 651 multe?
864 583 1035 674 pudicum,

94 695 164 777 our
184 700 312 783 primun
336 703 472 766 virtutis
494 702 621 786 honos,
643 708 795 771 servavit
816 708 859 772 ub
883 709 970 772 omni

93 817 174 882 Non
194 819 301 884 solum
324 820 433 905 lecto,
455 841 570 888 verum
593 826 774 909 opprobrio
798 844 929 912 quoquc
950 830 1058 914 turpi:

92 937 170 1004 Nec
192 941 315 1023 timuit,
337 942 399 1007 stu
420 961 467 1008 ne·
485 945 569 1008 vitro
592 947 666 1028 qus
687 919 853 1034 verteret,
876 949 953 1012 oum
1139 945 1180 1011 et

92 1053 133 1124 Si
159 1077 284 1142 praeco
307 1079 432 1145 pervus
453 1068 526 1149 out,
547 1067 585 1128 ut
606 1064 670 1130 iult
691 1068 778 1150 ipsc,
801 1071 943 1134 coactor·

93 1177 282 1245 Mercedcs
292 1199 466 1268 scqucrcr3
481 1201 589 1268 neque
604 1203 670 1273 ego
682 1205 787 1252 cenem
802 1191 956 1272 questus:
970 1189 1079 1257 uthoc
1092 1207 1182 1258 nunc

148 1352 175 1402 l.
212 1367 239 1404 v.
252 1353 298 1402 83.
315 1357 431 1404 remouit
444 1369 579 1419 superem.
593 1357 713 1410 servabat
724 1373 748 1410 c.
786 1375 812 1412 v.
826 1357 871 1412 07.
890 1358 927 1412 od
937 1361 985 1414 loc
1003 1363 1046 1415 bc.
1062 1361 1179 1432 (nous.)

135 1459 176 1510 11.
211 1473 239 1511 v.
259 1459 305 1509 8¹1.
325 1459 356 1510 ob
375 1461 422 1510 loc
440 1461 515 1512 LCT.

124 1565 179 1615 111.
216 1581 243 1616 v.
263 1565 307 1616 87.
328 1567 364 1615 ad
381 1567 443 1617 luco
460 1581 476 1617 e
494 1565 579 1618 codd.

93 1695 122 1741 in
139 1691 257 1754 populo,
280 1685 349 1751 (lieri
367 1687 446 1754 solet)
464 1693 549 1742 nostri
568 1705 623 1742 oon
660 1694 888 1756 adolescentium,
908 1695 954 1761 qui
967 1695 1027 1749 aliie
1039 1687 1182 1752 virtutibus

94 1773 234 1820 immemor
250 1769 315 1817 illic.
353 1769 439 1819 Tacit.
456 1770 526 1820 illst.
545 1771 619 1831 t,e:
661 1773 717 1822 uoti
734 1778 814 1838 elque
832 1775 957 1826 honoreti
979 1779 1022 1830 vix
1043 1792 1105 1830 ecee
1123 1779 1184 1842 uos·

95 1850 145 1898 Hic
170 1848 275 1910 quidem
300 1848 409 1903 llomuc,
437 1854 571 1912 tamquam
594 1850 623 1897 in
660 1858 723 1902 eunt
745 1865 827 1915 quam
849 1855 952 1917 pudore
976 1861 1003 1906 et
1025 1858 1182 1920 pudicitie.»

95 1932 177 1976 tauta
194 1926 380 1980 multitudiue,
400 1926 503 1974 labitur
523 1928 623 1976 animo-
662 1928 863 1994 -opprobrio]
883 1934 969 1984 «adeo
979 1939 1008 1984 ut
1021 1932 1105 1998 (quod
1118 1942 1183 1987 tunc

95 2019 156 2053 rum
173 2005 237 2068 [uit.
255 2003 311 2052 Alii
322 2004 412 2052 miuus
425 2005 545 2069 apposite
559 2019 623 2054 con·
660 2009 830 2059 rarissimum
851 2008 944 2075 erate)
964 2026 1045 2062 nemo
1062 2027 1184 2076 uuquam

96 2087 223 2132 struunt:
239 2082 622 2146 «utrumcumqnopopoto
660 2099 704 2134 me
730 2083 841 2138 laesisse
871 2089 1029 2150 pudicitiam
1057 2091 1184 2140 crimina·

96 2157 137 2224 (ut
159 2161 238 2222 virg.
251 2159 322 2208 Aen.
345 2161 370 2221 1,
392 2159 459 2209 tte:
488 2159 524 2210 Ac
543 2161 623 2209 ueluti
660 2169 703 2212 tus
722 2164 783 2214 eit.»

95 2253 193 2303 macno
204 2239 235 2286 tn
245 2238 346 2299 populo
358 2239 382 2286 ei
393 2239 462 2300 forte
476 2243 568 2286 coorto
586 2242 623 2286 ort
695 2239 810 2293 tte—88.
829 2241 880 2293 Nec
891 2239 994 2307 timuit]
1016 2243 1184 2296 «Consilium

94 2313 224 2378 seditem)
244 2316 272 2363 in
292 2317 432 2364 lromiuum
452 2317 623 2377 turbantque
662 2321 743 2382 putris
755 2333 818 2370 cum
835 2327 920 2382 eeeot,
940 2327 970 2372 ut
986 2335 1038 2385 ego
1060 2324 1184 2374 uiliorem

95 2407 232 2445 concursu
246 2408 286 2442 me
298 2395 432 2443 vidisset.»
468 2395 528 2446 Nou
550 2393 623 2444 enim
662 2399 775 2458 gradum
806 2399 833 2447 iu
864 2399 972 2450 civitate
990 2403 1183 2463 ascenderem,

97 2479 170 2524 recte
183 2485 325 2523 connexae
345 2478 435 2523 essent
453 2473 622 2523 tententiae:
662 2487 744 2538 quam
763 2476 820 2537 ipse
838 2481 975 2537 tenuerat,
996 2477 1097 2528 idcirco
1112 2493 1185 2529 sum-

98 2554 199 2603 «Pater
221 2565 266 2600 me
283 2552 437 2601 docentium
458 2553 562 2604 curavit
583 2565 624 2601 ar·
663 2567 735 2602 mam
749 2567 841 2603 curam
854 2554 999 2605 collocavit
1015 2555 1043 2604 iu
1061 2569 1104 2605 mc
1117 2558 1184 2618 opti·

97 2638 150 2690 tce,
171 2636 201 2680 ut
214 2631 238 2679 ei
252 2629 298 2693 qui
311 2635 413 2680 vestem
428 2631 554 2682 vidisset»
570 2636 622 2680 cet.
662 2645 706 2682 me
731 2633 888 2691 educando,
921 2638 950 2681 ut
980 2645 1015 2682 ne
1040 2634 1185 2696 quisquam

96 2711 149 2759 Alii
171 2709 294 2772 denique
314 2710 377 2758 item
399 2715 493 2759 contra
518 2709 623 2758 Horatii
663 2723 783 2772 uuquam
796 2711 996 2772 dicerepoeeot
1017 2724 1067 2772 ego
1081 2712 1185 2760 silutrn

97 2793 236 2838 mentem:
268 2792 315 2836 «ut
340 2789 367 2840 in
393 2801 492 2850 magno
524 2787 624 2851 populo
664 2789 1184 2851 paternumcondicionemmausiseem‚

97 2869 153 2918 sive
180 2868 209 2916 iu
237 2879 338 2928 magne
359 2868 426 2916 urbe
448 2867 506 2916 lieri
527 2867 622 2924 (lebet.
663 2872 792 2930 paternae
803 2866 985 2929 negligentiae
994 2868 1065 2917 hauc
1075 2869 1185 2931 culpem

98 2961 132 2996 ne
150 2947 213 3010 quis
227 2945 274 2996 vel
286 2949 476 2994 contemnatur
492 2946 537 2997 vel
551 2943 625 2993 eolus
664 2959 741 3005 oese3
763 2959 858 2995 omues
868 2947 941 2996 enim
955 2947 1051 2996 merito
1062 2947 1187 2997 mihimet

98 3025 157 3074 sine
168 3025 327 3087 pedisequis
336 3024 513 3073 ambulansiu
521 3023 626 3087 pericu·
665 3025 715 3087 ipsi
734 3025 785 3073 hoc
804 3025 867 3075 vitio
886 3025 1055 3076 vertissent.»
1077 3046 1106 3059 -—
1126 3039 1186 3074 coa·

22 3149 25 3156 .
98 3103 154 3152 lum
170 3103 284 3165 aliquod
307 3103 455 3152 incurrat.»
475 3127 505 3138 -
531 3099 624 3163 coitu]
664 3101 735 3166 otor]
755 3103 926 3153 exactionum
943 3098 1029 3166 (Suet.
1048 3103 1100 3152 vlt.
1118 3101 1185 3153 lior.

100 3181 126 3230 id
138 3182 211 3245 quod
229 3181 260 3228 iu
279 3179 369 3230 liberti
387 3180 458 3240 lilio,
478 3180 525 3243 qui
545 3191 626 3232 arum
665 3179 748 3244 init),
769 3195 835 3245 quas
852 3195 900 3244 pro
918 3183 1124 3244 publicanorum
1138 3178 1186 3230 eli·

99 3274 153 3309 non
175 3259 296 3308 habetet
321 3271 353 3307 ex
373 3259 554 3320 ingenuorum
571 3257 627 3320 opi·
665 3273 718 3322 que
740 3260 867 3310 societate
888 3261 1010 3310 curabat.
1053 3257 1120 3308 Sunt
1140 3257 1187 3322 qul

99 3340 196 3399 niune,
226 3337 288 3386 fleri
307 3337 415 3400 proprie
436 3351 491 3386 uon
511 3341 625 3400 poterut.
665 3340 830 3388 contendent
850 3338 993 3388 Horatium
1015 3343 1118 3400 patrem
1137 3337 1188 3384 lto·

100 3418 265 3467 llocautem
279 3416 361 3465 dicit:
383 3415 504 3465 «Omnes
522 3429 565 3464 me
580 3414 628 3462 lro·
666 3430 740 3471 mae,
778 3429 833 3464 uon
862 3415 997 3464 Venusiae
1034 3418 1187 3462 coactorum

100 3496 182 3545 miuie
201 3494 348 3557 locupletis
367 3493 526 3543 liliumesse
546 3493 627 3542 facile
666 3496 771 3557 egisse:
805 3494 844 3542 sic
864 3493 937 3542 enim
957 3492 1038 3541 unice
1060 3491 1188 3553 explicari

101 3575 311 3624 credidissent.»
333 3597 364 3608 -
383 3569 510 3634 crederet]
543 3585 627 3622 «cum
666 3585 759 3636 posse,
788 3571 923 3634 quomodo
944 3571 980 3620 ibi
1003 3583 1031 3619 ec
1049 3581 1111 3618 cum
1132 3567 1189 3618 lilio

101 3667 151 3702 noe
162 3654 288 3708 uidisset,
309 3657 373 3702 tuuc
383 3653 470 3714 ipsum
487 3652 630 3710 crederent
666 3657 721 3701 tum
738 3651 811 3700 laute
828 3648 997 3707 sustentorit;
1026 3647 1188 3711 quasivero

102 3746 149 3795 pro
163 3745 218 3795 quo
232 3736 356 3792 tempore
373 3741 423 3780 noe
443 3730 546 3780 utimur
557 3729 629 3792 plue·
666 3739 737 3789 nou,
757 3742 820 3777 cum
833 3727 968 3777 Venusiae
986 3731 1095 3775 coactor
1107 3731 1187 3799 cerel,

102 3810 321 3874 quamperlecto.
668 3808 788 3857 modicae
802 3807 853 3855 sibi
869 3806 1011 3855 facultates
1029 3817 1125 3866 parare
1143 3817 1190 3866 po·

136 3889 254 3939 tlt-et.
293 3883 370 3950 lure]
391 3899 551 3937 noneerrus
567 3897 630 3947 pec·
668 3887 763 3946 tuerit,
791 3897 906 3948 quarum
921 3883 1053 3933 fructibus
1071 3883 1098 3931 in
1119 3881 1190 3930 Urbe

104 3967 236 4031 dassogue.
257 3987 291 4004 -·
308 3965 524 4028 puditum-wi>
543 3960 628 4025 omni]
669 3965 750 4016 vitam
772 3962 908 4013 toleraret.
924 3983 955 3997 -
974 3957 1091 4024 questus]
1124 3973 1192 4008 «uec

107 4060 192 4110 «pree
218 4046 325 4110 pudore
358 4045 566 4094 abstinentem.»
599 4065 630 4078 -
669 4056 734 4104 ego,
763 4043 785 4090 si
808 4055 906 4105 praeco
930 4043 977 4089 out
1002 4043 1111 4088 coactor
1133 4037 1191 4098 ipse

105 4121 203 4188 terror]
233 4123 326 4187 equod
344 4123 463 4186 primum
488 4122 571 4172 decue
591 4124 631 4170 eet
669 4133 777 4184 quoque
802 4119 887 4170 lectus
908 4130 1010 4175 oseem.
1040 4117 1091 4166 lroc
1108 4113 1192 4176 patris
