2920 4792
524 310 591 356 niu.
613 309 646 354 n.
690 309 763 365 sar.
785 308 843 354 vn.
1138 285 1214 353 ‘271

140 445 246 510 'l'oliis
267 445 311 511 ad
333 448 426 510 astra
447 446 543 510 levis
585 441 624 512 Si
646 463 805 530 nusquam
829 465 866 510 es
883 445 972 510 forte
993 448 1136 510 vocatus

139 565 196 630 Ad
219 584 373 648 coenam,
394 563 513 628 laudas
534 583 685 630 securum
708 567 858 651 elusae,
884 566 977 628 velut
999 583 1137 648 usquam
1178 559 1220 621 30

138 685 284 751 Vinctus
306 702 379 767 aas,
402 685 448 748 ita
470 687 504 748 te
526 684 657 750 felicem
680 685 763 748 dicis
784 702 961 767 anaeque,

139 803 238 884 Quod
261 823 420 888 nusquam
443 805 503 868 tibi
525 805 568 867 sit
591 803 781 886 potandum.
825 806 967 868 Iussarit
992 803 1035 868 ad
1057 823 1094 868 se

139 923 328 988 Maecenas
348 941 456 987 serum
478 925 541 988 sub
562 924 684 987 lumina
706 925 810 1007 prima
832 925 948 988 venire

139 1038 340 1107 Convivam:
362 1042 491 1106 Nemon
511 1043 619 1106 oleum
641 1042 728 1105 ieret
750 1037 873 1107 ocius?
892 1047 1008 1128 ecquis

139 1153 275 1224 Audit?
297 1179 369 1226 eum
391 1179 511 1249 magno
536 1163 683 1226 blateras
705 1163 849 1228 elamore
872 1164 1037 1252 iugisque.
1180 1161 1220 1223 35

193 1390 216 1438 1.
255 1385 292 1452 (v.
312 1389 356 1438 30.
386 1389 493 1438 Habent
517 1403 628 1452 nuquam
653 1387 727 1452 bSo.)
763 1405 790 1442 v.
811 1391 854 1440 33.
884 1389 967 1454 [erat]
995 1392 1037 1441 bo.
1064 1393 1115 1456 sart
1134 1391 1161 1442 S.
1181 1353 1233 1443 id..

141 1458 211 1507 lbid.
231 1472 263 1507 aa
281 1461 338 1521 quia
356 1471 381 1508 c.
420 1472 447 1512 r·
467 1459 512 1509 35.
530 1456 661 1522 rupisque]
682 1460 744 1510 bSo.
762 1463 877 1525 suamque
894 1460 933 1512 ti.
1301 1479 1304 1484 ’

184 1563 221 1612 11.
259 1577 287 1613 v.
306 1562 350 1612 33.
370 1563 422 1626 sert
440 1564 470 1612 F.
507 1577 534 1613 v.
553 1564 597 1613 35.
616 1565 731 1628 furtaque
748 1564 778 1614 C.

166 1668 217 1717 111.
255 1683 282 1721 v.
303 1667 347 1717 34.
367 1668 418 1731 sert

141 1773 215 1890 CIX.
229 1788 280 1889 Fr.
310 1773 354 1823 30.
389 1785 468 1836 usque
498 1773 592 1822 venet.
630 1774 708 1825 1381.
756 1791 783 1828 v.
811 1778 854 1828 32.
892 1779 1008 1828 iusserat
1028 1804 1039 1815 ·
1060 1780 1222 1830 conatuum?

161 1855 206 1894 o,
251 1854 309 1890 aaa.

140 2051 202 2088 oum
216 2039 375 2088 nonhabet.
392 2065 419 2076 -
438 2036 554 2103 Vinctus]
569 2043 663 2103 «quasi
703 2055 750 2092 eus
771 2048 902 2094 monstrat
922 2045 1040 2095 Graecos
1061 2059 1169 2108 quoque
1195 2047 1223 2096 tu

139 2117 256 2168 vinculis
274 2123 403 2167 oneratus
424 2123 451 2167 et
474 2119 503 2166 in
527 2132 664 2169 carcerem
704 2121 801 2170 taiibua
829 2125 966 2185 praesenti
994 2125 1129 2174 interdum
1159 2137 1224 2174 uros

140 2201 291 2256 pertractus
309 2197 344 2245 ad
374 2209 474 2246 ooenaa
505 2210 569 2258 aas,
603 2211 665 2247 oum
704 2211 773 2258 esso,
787 2212 842 2248 uou
851 2200 941 2250 futuro
952 2202 1097 2252 dumtaxat.
1113 2203 1222 2251 Terent.

140 2279 236 2323 eontra
255 2274 436 2324 libentissime
455 2289 549 2326 omues
571 2277 666 2327 iuvita·
702 2277 1225 2336 Phorm.1‚2,102:Puerbeua!Namon

139 2351 228 2402 tiones
247 2353 395 2415 accipias.»
416 2355 450 2386 -'
468 2351 609 2416 amorque]
637 2359 666 2403 ut
703 2357 1225 2420 buuprodittFuiurumiamenproptor

141 2430 195 2479 Sat.
221 2431 247 2489 1,
270 2430 298 2489 3,
320 2430 365 2480 54.
391 2435 501 2480 «tecum
522 2436 665 2481 contentus
703 2445 826 2481 meorum
850 2433 934 2483 Codd.
960 2436 1147 2484 auctoritatem
1169 2449 1225 2484 ser-

141 2519 169 2556 os
188 2508 271 2570 idque
289 2508 458 2569 praedicas.»
479 2508 534 2559 Cic.
555 2510 589 2557 ad
608 2508 664 2558 Ait.
703 2511 773 2568 vavi,
785 2523 836 2559 nae
846 2516 899 2559 tres
909 2511 1005 2574 dactyli
1017 2511 1226 2561 disconveniunt

141 2585 167 2644 d,
189 2585 241 2635 16:
261 2587 291 2633 iu
308 2598 337 2634 ao
356 2599 397 2634 me
413 2586 489 2634 uulda
507 2599 577 2635 omo.
702 2587 1117 2650 buioiestiuaiioni.-biateraa]
1129 2589 1224 2638 «stulto

276 2685 277 2688 ¹
704 2669 730 2713 et
745 2667 891 2728 percupide
910 2667 1012 2728 ioqui.»
1032 2667 1145 2716 Fusius.
1158 2666 1192 2714 H.
1204 2665 1231 2715 i.

174 2739 248 2787 32·-
258 2738 303 2787 35.
340 2751 426 2788 aarum
437 2763 449 2776 ·
461 2737 606 2801 eoauiuam]
618 2741 666 2788 Fe·
704 2755 783 2791 «oum
802 2745 979 2806 trepidatione
996 2750 1023 2793 ei
1038 2744 1130 2793 surore
1144 2745 1225 2794 verba

140 2815 207 2866 stiva
216 2814 285 2864 ludit
299 2816 370 2865 inter
383 2817 464 2866 baeu:
486 2813 513 2880 1)
529 2818 591 2866 «ubi
605 2830 666 2866 uero
704 2818 822 2870 effutis.»
841 2822 926 2871 Varro
939 2823 1009 2884 apud
1023 2823 1092 2872 Non.
1112 2824 1137 2880 1,
1158 2821 1224 2871 186:

139 2893 292 2943 Maecenati
313 2895 419 2944 venerit
442 2895 470 2943 in
490 2899 619 2955 mentem,
640 2900 666 2943 te
705 2898 773 2958 Quid
792 2899 849 2948 ast?
872 2901 935 2961 quid
947 2899 1081 2948 blateras?
1105 2901 1167 2962 quid
1182 2913 1227 2948 ru·

140 2983 249 3032 quoque
266 2971 541 3022 invitandumesseza
561 2969 666 3034 munbi
706 2975 762 3024 bia?
790 2977 852 3038 quid
871 2977 911 3025 vta
930 2976 996 3025 tibi?
1024 2977 1117 3025 Talem
1136 2981 1227 3026 autem

140 3055 200 3110 poet
217 3049 316 3098 multas
330 3050 384 3097 diei
404 3051 574 3110 negotiorum
593 3051 667 3112 pieni
706 3052 878 3102 dominorum
904 3054 1092 3116 impotentium
1121 3055 1227 3103 iracun-

140 3126 403 3179 molestieadileotus
414 3132 474 3177 tuus
486 3129 629 3179 Maecenas
642 3133 667 3177 te
706 3131 778 3179 diam
822 3131 997 3180 vehementer
1038 3131 1228 3191 improbabant

143 3190 668 3267 opushabuerit‚quoadiutoreiiiasdia-
706 3207 798 3256 Stoici.
829 3206 936 3256 Arriam.
959 3208 1045 3269 Epiot.
1066 3208 1091 3266 1,
1112 3208 1157 3267 18,
1177 3209 1225 3258 ie:

140 3283 254 3345 ponat.»
273 3308 301 3319 -
312 3281 572 3345 rublumiuopra'mo]
589 3285 667 3334 «Post
705 3282 758 3348 μὴ,
773 3279 812 3333 ἂν
827 3283 959 3352 βραδέως
971 3281 1023 3334 τὸν
1039 3282 1195 3349 ἐπίδεσμον
1208 3281 1226 3334 ὁ

111 3369 286 3423 'vesperam
328 3361 414 3422 prima
453 3361 523 3410 ian.»
564 3358 666 3424 (Macr.
706 3367 774 3424 παῖς
786 3363 873 3432 φέρῃ,
884 3358 1029 3432 κραύγαζε
1043 3361 1093 3410 καὶ
1103 3360 1166 3410 ond
1177 3362 1227 3410 καὶ

140 3440 194 3488 Sat.
216 3439 242 3494 1,
264 3435 303 3500 3.)
332 3437 428 3488 Graeci
462 3440 527 3507 περὶ
555 3438 668 3500 iaqumu
706 3439 781 3504 λέγε,
800 3435 914 3500 Πάντες
930 3453 967 3501 με
982 3435 1116 3503 μισοῦσι.
1138 3461 1169 3471 -
1187 3439 1228 3501 [ιι-

140 3511 233 3578 ἁφάς.
253 3541 283 3550 -
303 3515 402 3564 Nomou
415 3516 498 3564 oleum
510 3518 574 3580 ferat
587 3513 666 3578 ouius]
705 3516 804 3582 piaque]
823 3515 915 3576 Longe
937 3513 1058 3563 festivius
1078 3515 1130 3563 hoo
1146 3527 1228 3576 quam

141 3594 251 3642 «oleum
261 3593 403 3651 lucernae,
423 3607 477 3655 qua
494 3595 532 3642 uti
553 3595 609 3645 volt
621 3608 668 3643 no·
706 3595 822 3645 aiiorum
840 3593 968 3656 furiaque,
990 3593 1061 3654 quod
1082 3597 1109 3641 et
1128 3607 1229 3642 ταυτο-

140 3676 237 3720 cturno
249 3675 375 3732 tempore
388 3672 421 3720 ad
440 3673 559 3721 amioum
574 3685 669 3735 prope·
706 3672 809 3737 λογίαν
830 3671 899 3732 sapit
914 3674 971 3719 eta
989 3669 1073 3720 Codd.
1094 3671 1228 3720 minorem

139 3762 236 3807 ranam
257 3761 331 3797 nou:
353 3755 536 3810 «qnounctus
552 3756 578 3800 et
597 3751 668 3799 lotus
706 3750 786 3798 babet
813 3749 1014 3797 auctoritatem:
1056 3745 1082 3811 (a
1107 3747 1228 3798 Pottiorii

141 3828 219 3876 abeat
232 3831 410 3876 coenatum.»
425 3821 528 3890 (Coum.
543 3826 604 3891 Cn.)
625 3827 669 3878 Sia
705 3829 764 3877 XX.
778 3827 863 3878 Codd.
887 3841 956 3876 unus
972 3827 1109 3876 dumtaxat
1120 3828 1171 3876 boc
1184 3840 1227 3876 ex·

139 3905 267 3955 dominus
291 3917 307 3952 a
329 3905 428 3955 balneo
454 3906 561 3955 rediens
582 3921 669 3974 κραυ-
705 3907 797 3965 bibet;
833 3919 956 3955 meorum
986 3902 1100 3967 nuilus.)
1146 3905 1227 3953 Recte

139 3981 239 4046 γάζει·
255 3977 361 4044 Οὐδεὶς
368 3984 452 4053 φέρει
460 3988 569 4049 φαγεῖν
574 3998 585 4042 ,·
597 3983 668 4045 apud
706 3981 815 4035 deuon:
838 3983 991 4046 «Expressit
999 3982 1169 4036 velocitatem
1183 3979 1229 4027 ho·

138 4056 250 4109 Arriam.
266 4058 356 4121 Epiut.
376 4059 402 4119 3,
421 4060 465 4120 23,
484 4061 544 4119 223
568 4060 615 4123 qui
631 4059 669 4110 lo·
707 4060 788 4109 minis
827 4057 979 4109 festinantis
1017 4058 1050 4107 ad
1087 4068 1228 4152 coenant...»
