<?xml version="1.0" encoding="UTF-8"?>
<!DOCTYPE html PUBLIC "-//W3C//DTD XHTML 1.0 Transitional//EN"
    "http://www.w3.org/TR/xhtml1/DTD/xhtml1-transitional.dtd">
<html xmlns="http://www.w3.org/1999/xhtml" xml:lang="en" lang="en">
 <head>
  <title>
</title>
<meta http-equiv="Content-Type" content="text/html;charset=utf-8" />
  <meta name='ocr-system' content='tesseract 3.04.00' />
  <meta name='ocr-capabilities' content='ocr_page ocr_carea ocr_par ocr_line ocrx_word'/>
</head>
<body>
  <div class='ocr_page' id='page_1' title='image "./qhoratiusflaccu01orelgoog/qhoratiusflaccu01orelgoog_0464.png"; bbox 0 0 2916 4796; ppageno 0'>
   <div class='ocr_carea' id='block_1_1' title="bbox 468 323 1215 432">
    <p class='ocr_par' dir='ltr' id='par_1_1' title="bbox 468 323 1215 432">
     <span class='ocr_line' id='line_1_1' title="bbox 468 323 1215 432; baseline 0.003 -42"><span class='ocrx_word' id='word_1_1' title='bbox 468 369 471 376; x_wconf 90' lang='lat'>-</span> <span class='ocrx_word' id='word_1_2' title='bbox 504 343 570 390; x_wconf 83' lang='lat' dir='ltr'>ure.</span> <span class='ocrx_word' id='word_1_3' title='bbox 591 343 613 390; x_wconf 91' lang='lat' dir='ltr'>r.</span> <span class='ocrx_word' id='word_1_4' title='bbox 642 343 752 432; x_wconf 29' lang='lat' dir='ltr'>arrisu.</span> <span class='ocrx_word' id='word_1_5' title='bbox 775 343 856 390; x_wconf 79' lang='lat' dir='ltr'>xvir.</span> <span class='ocrx_word' id='word_1_6' title='bbox 1134 323 1215 393; x_wconf 76' lang='lat' dir='ltr'>tec</span> 
     </span>
    </p>
   </div>
   <div class='ocr_carea' id='block_1_2' title="bbox 51 481 1218 1304">
    <p class='ocr_par' dir='ltr' id='par_1_2' title="bbox 128 481 965 576">
     <span class='ocr_line' id='line_1_2' title="bbox 128 481 965 576; baseline 0.002 -29"><span class='ocrx_word' id='word_1_7' title='bbox 128 481 289 576; x_wconf 75' lang='lat' dir='ltr'>indoiute</span> <span class='ocrx_word' id='word_1_8' title='bbox 309 481 387 548; x_wconf 88' lang='lat' dir='ltr'>mihi</span> <span class='ocrx_word' id='word_1_9' title='bbox 408 501 506 549; x_wconf 82' lang='lat' dir='ltr'>soror</span> <span class='ocrx_word' id='word_1_10' title='bbox 527 486 594 562; x_wconf 83' lang='lat' dir='ltr'>est,</span> <span class='ocrx_word' id='word_1_11' title='bbox 617 485 823 568; x_wconf 78' lang='lat' dir='ltr'>paupercule</span> <span class='ocrx_word' id='word_1_12' title='bbox 843 486 965 569; x_wconf 83' lang='lat' dir='ltr'>meter,</span> 
     </span>
    </p>

    <p class='ocr_par' dir='ltr' id='par_1_3' title="bbox 127 603 1004 691">
     <span class='ocr_line' id='line_1_3' title="bbox 127 603 1004 691; baseline 0.005 -23"><span class='ocrx_word' id='word_1_13' title='bbox 127 603 175 668; x_wconf 76' lang='lat' dir='ltr'>Et</span> <span class='ocrx_word' id='word_1_14' title='bbox 197 604 321 669; x_wconf 77' lang='lat' dir='ltr'>fundus</span> <span class='ocrx_word' id='word_1_15' title='bbox 343 621 405 672; x_wconf 90' lang='lat' dir='ltr'>nec</span> <span class='ocrx_word' id='word_1_16' title='bbox 426 603 606 672; x_wconf 84' lang='lat' dir='ltr'>vendibilis</span> <span class='ocrx_word' id='word_1_17' title='bbox 628 624 692 672; x_wconf 86' lang='lat' dir='ltr'>nce</span> <span class='ocrx_word' id='word_1_18' title='bbox 716 623 856 691; x_wconf 82' lang='lat' dir='ltr'>poscere</span> <span class='ocrx_word' id='word_1_19' title='bbox 880 605 1004 688; x_wconf 75' lang='lat' dir='ltr'>firmus,</span> 
     </span>
    </p>

    <p class='ocr_par' dir='ltr' id='par_1_4' title="bbox 51 717 1062 808">
     <span class='ocr_line' id='line_1_4' title="bbox 51 717 1062 808; baseline 0.002 -18"><span class='ocrx_word' id='word_1_20' title='bbox 51 795 56 803; x_wconf 64' lang='grc'><strong>,</strong></span> <span class='ocrx_word' id='word_1_21' title='bbox 127 717 193 805; x_wconf 77' lang='lat' dir='ltr'>&#39;Qui</span> <span class='ocrx_word' id='word_1_22' title='bbox 216 723 311 808; x_wconf 89' lang='lat' dir='ltr'>dicii,</span> <span class='ocrx_word' id='word_1_23' title='bbox 335 727 473 791; x_wconf 86' lang='lat' dir='ltr'>cismut:</span> <span class='ocrx_word' id='word_1_24' title='bbox 495 725 628 792; x_wconf 87' lang='lat' dir='ltr'>Victum</span> <span class='ocrx_word' id='word_1_25' title='bbox 650 726 739 793; x_wconf 81' lang='lat' dir='ltr'>dete.</span> <span class='ocrx_word' id='word_1_26' title='bbox 781 722 935 794; x_wconf 86' lang='lat' dir='ltr'>Succintt</span> <span class='ocrx_word' id='word_1_27' title='bbox 955 728 1062 794; x_wconf 84' lang='lat' dir='ltr'>siicr:</span> 
     </span>
    </p>

    <p class='ocr_par' dir='ltr' id='par_1_5' title="bbox 71 845 914 934">
     <span class='ocr_line' id='line_1_5' title="bbox 71 845 914 934; baseline 0.005 -24"><span class='ocrx_word' id='word_1_28' title='bbox 71 881 75 890; x_wconf 94' lang='lat'>·</span> <span class='ocrx_word' id='word_1_29' title='bbox 126 845 172 911; x_wconf 80' lang='lat' dir='ltr'>itt</span> <span class='ocrx_word' id='word_1_30' title='bbox 196 845 273 910; x_wconf 90' lang='lat' dir='ltr'>mihi</span> <span class='ocrx_word' id='word_1_31' title='bbox 295 845 435 912; x_wconf 65' lang='lat' dir='ltr'>dividuo*</span> <span class='ocrx_word' id='word_1_32' title='bbox 454 846 598 913; x_wconf 82' lang='lat' dir='ltr'>indetur</span> <span class='ocrx_word' id='word_1_33' title='bbox 618 845 754 914; x_wconf 86' lang='lat' dir='ltr'>munere</span> <span class='ocrx_word' id='word_1_34' title='bbox 776 848 914 934; x_wconf 79' lang='lat' dir='ltr'>quadro.</span> 
     </span>
    </p>

    <p class='ocr_par' dir='ltr' id='par_1_6' title="bbox 126 961 1218 1304">
     <span class='ocr_line' id='line_1_6' title="bbox 126 961 1218 1056; baseline 0.002 -22"><span class='ocrx_word' id='word_1_35' title='bbox 126 961 200 1034; x_wconf 87' lang='lat' dir='ltr'>Sed</span> <span class='ocrx_word' id='word_1_36' title='bbox 221 968 346 1034; x_wconf 80' lang='lat' dir='ltr'>incitus</span> <span class='ocrx_word' id='word_1_37' title='bbox 367 971 462 1053; x_wconf 87' lang='lat' dir='ltr'>pesct</span> <span class='ocrx_word' id='word_1_38' title='bbox 484 971 512 1036; x_wconf 87' lang='lat' dir='ltr'>si</span> <span class='ocrx_word' id='word_1_39' title='bbox 535 970 654 1055; x_wconf 88' lang='lat' dir='ltr'>posset</span> <span class='ocrx_word' id='word_1_40' title='bbox 676 987 823 1056; x_wconf 83' lang='lat' dir='ltr'>corvus,·</span> <span class='ocrx_word' id='word_1_41' title='bbox 838 969 978 1037; x_wconf 86' lang='lat' dir='ltr'>heberet</span> <span class='ocrx_word' id='word_1_42' title='bbox 1174 963 1218 1029; x_wconf 78' lang='lat'>⁵⁰</span> 
     </span>
     <span class='ocr_line' id='line_1_7' title="bbox 126 1087 1002 1180; baseline 0.005 -27"><span class='ocrx_word' id='word_1_43' title='bbox 126 1087 212 1154; x_wconf 87' lang='lat' dir='ltr'>Plus</span> <span class='ocrx_word' id='word_1_44' title='bbox 234 1087 331 1172; x_wconf 87' lang='lat' dir='ltr'>dupis</span> <span class='ocrx_word' id='word_1_45' title='bbox 352 1092 386 1156; x_wconf 91' lang='lat' dir='ltr'>ct</span> <span class='ocrx_word' id='word_1_46' title='bbox 408 1091 503 1157; x_wconf 86' lang='lat' dir='ltr'>rixoe</span> <span class='ocrx_word' id='word_1_47' title='bbox 525 1092 628 1156; x_wconf 91' lang='lat' dir='ltr'>multo</span> <span class='ocrx_word' id='word_1_48' title='bbox 650 1092 757 1158; x_wconf 89' lang='lat' dir='ltr'>minus</span> <span class='ocrx_word' id='word_1_49' title='bbox 779 1092 1002 1180; x_wconf 84' lang='lat' dir='ltr'>invidieequc.</span> 
     </span>
     <span class='ocr_line' id='line_1_8' title="bbox 127 1209 1134 1304; baseline 0.005 -29"><span class='ocrx_word' id='word_1_50' title='bbox 127 1209 344 1277; x_wconf 83' lang='lat' dir='ltr'>Brundisium</span> <span class='ocrx_word' id='word_1_51' title='bbox 366 1231 479 1304; x_wconf 81' lang='lat' dir='ltr'>comes</span> <span class='ocrx_word' id='word_1_52' title='bbox 501 1216 559 1278; x_wconf 87' lang='lat' dir='ltr'>uui</span> <span class='ocrx_word' id='word_1_53' title='bbox 581 1209 781 1279; x_wconf 80' lang='lat' dir='ltr'>Surrentum</span> <span class='ocrx_word' id='word_1_54' title='bbox 803 1214 925 1280; x_wconf 88' lang='lat' dir='ltr'>ductus</span> <span class='ocrx_word' id='word_1_55' title='bbox 945 1231 1134 1301; x_wconf 80' lang='lat' dir='ltr'>amoenum,</span> 
     </span>
    </p>
   </div>
   <div class='ocr_carea' id='block_1_3' title="bbox 128 1554 1221 1860">
    <p class='ocr_par' dir='ltr' id='par_1_7' title="bbox 128 1554 1221 1860">
     <span class='ocr_line' id='line_1_9' title="bbox 128 1554 1218 1624; baseline 0.004 -18"><span class='ocrx_word' id='word_1_56' title='bbox 128 1555 202 1606; x_wconf 82' lang='lat' dir='ltr'>dicet</span> <span class='ocrx_word' id='word_1_57' title='bbox 230 1567 246 1606; x_wconf 80' lang='lat' dir='ltr'>e</span> <span class='ocrx_word' id='word_1_58' title='bbox 275 1559 407 1618; x_wconf 82' lang='lat' dir='ltr'>petrono,</span> <span class='ocrx_word' id='word_1_59' title='bbox 439 1555 529 1606; x_wconf 78' lang='lat' dir='ltr'>crusis</span> <span class='ocrx_word' id='word_1_60' title='bbox 547 1554 654 1617; x_wconf 80' lang='lat' dir='ltr'>nitetis,</span> <span class='ocrx_word' id='word_1_61' title='bbox 693 1555 720 1617; x_wconf 73' lang='lat'>2,</span> <span class='ocrx_word' id='word_1_62' title='bbox 742 1557 768 1616; x_wconf 73' lang='lat'>2,</span> <span class='ocrx_word' id='word_1_63' title='bbox 788 1557 838 1606; x_wconf 78' lang='lat'>33:</span> <span class='ocrx_word' id='word_1_64' title='bbox 859 1557 1133 1608; x_wconf 80' lang='lat' dir='ltr'>Potiue-·dtoiduum</span> <span class='ocrx_word' id='word_1_65' title='bbox 1152 1561 1218 1624; x_wconf 70' lang='lat' dir='ltr'>(cce.</span> 
     </span>
     <span class='ocr_line' id='line_1_10' title="bbox 128 1632 1220 1700; baseline 0.003 -15"><span class='ocrx_word' id='word_1_66' title='bbox 128 1649 200 1698; x_wconf 79' lang='lat' dir='ltr'>quse</span> <span class='ocrx_word' id='word_1_67' title='bbox 212 1634 294 1684; x_wconf 85' lang='lat' dir='ltr'>huius</span> <span class='ocrx_word' id='word_1_68' title='bbox 304 1635 534 1695; x_wconf 77' lang='lat' dir='ltr'>misericordium,</span> <span class='ocrx_word' id='word_1_69' title='bbox 554 1639 584 1684; x_wconf 86' lang='lat' dir='ltr'>ui</span> <span class='ocrx_word' id='word_1_70' title='bbox 597 1647 657 1696; x_wconf 90' lang='lat' dir='ltr'>spe·</span> <span class='ocrx_word' id='word_1_71' title='bbox 696 1661 725 1671; x_wconf 95' lang='lat'><em>-</em></span> <span class='ocrx_word' id='word_1_72' title='bbox 745 1632 873 1700; x_wconf 65' lang='lat' dir='ltr'>findetur]</span> <span class='ocrx_word' id='word_1_73' title='bbox 890 1637 1019 1687; x_wconf 74' lang='lat' dir='ltr'>Futurum</span> <span class='ocrx_word' id='word_1_74' title='bbox 1037 1636 1157 1688; x_wconf 90' lang='lat' dir='ltr'>mendici</span> <span class='ocrx_word' id='word_1_75' title='bbox 1172 1639 1220 1688; x_wconf 92' lang='lat' dir='ltr'>im·</span> 
     </span>
     <span class='ocr_line' id='line_1_11' title="bbox 128 1713 1221 1780; baseline 0.002 -16"><span class='ocrx_word' id='word_1_76' title='bbox 128 1719 189 1774; x_wconf 82' lang='lat' dir='ltr'>ret,</span> <span class='ocrx_word' id='word_1_77' title='bbox 209 1713 293 1763; x_wconf 79' lang='lat' dir='ltr'>tacite</span> <span class='ocrx_word' id='word_1_78' title='bbox 313 1719 451 1765; x_wconf 77' lang='lat' dir='ltr'>moveant.</span> <span class='ocrx_word' id='word_1_79' title='bbox 491 1714 656 1776; x_wconf 78' lang='lat' dir='ltr'>ignominio·</span> <span class='ocrx_word' id='word_1_80' title='bbox 695 1715 852 1776; x_wconf 82' lang='lat' dir='ltr'>pudenti&#39;um</span> <span class='ocrx_word' id='word_1_81' title='bbox 873 1716 970 1765; x_wconf 90' lang='lat' dir='ltr'>meiius</span> <span class='ocrx_word' id='word_1_82' title='bbox 992 1717 1117 1779; x_wconf 73' lang='lat' dir='ltr'>exprimit</span> <span class='ocrx_word' id='word_1_83' title='bbox 1138 1730 1221 1780; x_wconf 84' lang='lat' dir='ltr'>quum</span> 
     </span>
     <span class='ocr_line' id='line_1_12' title="bbox 129 1791 1221 1860; baseline 0.001 -17"><span class='ocrx_word' id='word_1_84' title='bbox 129 1805 190 1843; x_wconf 87' lang='lat' dir='ltr'>eum</span> <span class='ocrx_word' id='word_1_85' title='bbox 213 1798 304 1842; x_wconf 80' lang='lat' dir='ltr'>sutem</span> <span class='ocrx_word' id='word_1_86' title='bbox 327 1797 384 1843; x_wconf 87' lang='lat' dir='ltr'>eret</span> <span class='ocrx_word' id='word_1_87' title='bbox 403 1791 480 1842; x_wconf 75' lang='lat' dir='ltr'>fratri</span> <span class='ocrx_word' id='word_1_88' title='bbox 502 1793 589 1842; x_wconf 88' lang='lat' dir='ltr'>sorori</span> <span class='ocrx_word' id='word_1_89' title='bbox 610 1792 658 1842; x_wconf 87' lang='lat' dir='ltr'>do-</span> <span class='ocrx_word' id='word_1_90' title='bbox 695 1793 810 1844; x_wconf 84' lang='lat' dir='ltr'>eliorum</span> <span class='ocrx_word' id='word_1_91' title='bbox 820 1795 949 1860; x_wconf 75' lang='lat' dir='ltr'>findatur,</span> <span class='ocrx_word' id='word_1_92' title='bbox 960 1801 990 1845; x_wconf 90' lang='lat' dir='ltr'>ui</span> <span class='ocrx_word' id='word_1_93' title='bbox 1002 1795 1098 1846; x_wconf 82' lang='lat' dir='ltr'>Lemb.</span> <span class='ocrx_word' id='word_1_94' title='bbox 1113 1796 1141 1845; x_wconf 86' lang='lat' dir='ltr'>iu</span> <span class='ocrx_word' id='word_1_95' title='bbox 1153 1795 1221 1846; x_wconf 88' lang='lat' dir='ltr'>iem·</span> 
     </span>
    </p>
   </div>
   <div class='ocr_carea' id='block_1_4' title="bbox 128 1854 1332 1938">
    <p class='ocr_par' dir='ltr' id='par_1_8' title="bbox 128 1854 1332 1938">
     <span class='ocr_line' id='line_1_13' title="bbox 128 1854 1332 1938; baseline -0.001 -14"><span class='ocrx_word' id='word_1_96' title='bbox 128 1854 182 1924; x_wconf 69' lang='lat' dir='ltr'>iem</span> <span class='ocrx_word' id='word_1_97' title='bbox 200 1885 256 1922; x_wconf 87' lang='lat' dir='ltr'>non</span> <span class='ocrx_word' id='word_1_98' title='bbox 269 1871 345 1922; x_wconf 78' lang='lat' dir='ltr'>dere.</span> <span class='ocrx_word' id='word_1_99' title='bbox 363 1872 418 1925; x_wconf 80' lang='lat' dir='ltr'>Cir.</span> <span class='ocrx_word' id='word_1_100' title='bbox 430 1873 517 1922; x_wconf 83' lang='lat' dir='ltr'>Pisui.</span> <span class='ocrx_word' id='word_1_101' title='bbox 531 1871 655 1922; x_wconf 87' lang='lat' dir='ltr'>Trinum.</span> <span class='ocrx_word' id='word_1_102' title='bbox 695 1878 767 1923; x_wconf 81' lang='lat' dir='ltr'>mute</span> <span class='ocrx_word' id='word_1_103' title='bbox 788 1877 815 1924; x_wconf 88' lang='lat' dir='ltr'>ei</span> <span class='ocrx_word' id='word_1_104' title='bbox 834 1887 904 1923; x_wconf 88' lang='lat' dir='ltr'>unus</span> <span class='ocrx_word' id='word_1_105' title='bbox 926 1876 1012 1934; x_wconf 77' lang='lat' dir='ltr'>Fene,</span> <span class='ocrx_word' id='word_1_106' title='bbox 1037 1871 1140 1938; x_wconf 89' lang='lat' dir='ltr'>(nutius</span> <span class='ocrx_word' id='word_1_107' title='bbox 1160 1874 1221 1923; x_wconf 89' lang='lat' dir='ltr'>Pot·</span> <span class='ocrx_word' id='word_1_108' title='bbox 1325 1865 1332 1878; x_wconf 87' lang='lat'>&#39;</span> 
     </span>
    </p>
   </div>
   <div class='ocr_carea' id='block_1_5' title="bbox 128 1949 1230 4234">
    <p class='ocr_par' dir='ltr' id='par_1_9' title="bbox 128 1949 1223 2490">
     <span class='ocr_line' id='line_1_14' title="bbox 128 1949 1219 2018; baseline 0 -15"><span class='ocrx_word' id='word_1_109' title='bbox 128 1953 154 2013; x_wconf 75' lang='lat'>³,</span> <span class='ocrx_word' id='word_1_110' title='bbox 168 1955 198 2013; x_wconf 76' lang='lat'>2,</span> <span class='ocrx_word' id='word_1_111' title='bbox 212 1951 334 2002; x_wconf 69' lang='lat' dir='ltr'>tiu-052</span> <span class='ocrx_word' id='word_1_112' title='bbox 347 1975 377 1988; x_wconf 91' lang='lat'>—</span> <span class='ocrx_word' id='word_1_113' title='bbox 387 1967 419 2002; x_wconf 83' lang='lat' dir='ltr'>ne</span> <span class='ocrx_word' id='word_1_114' title='bbox 430 1953 468 2001; x_wconf 86' lang='lat' dir='ltr'>mi</span> <span class='ocrx_word' id='word_1_115' title='bbox 479 1953 546 2001; x_wconf 80' lang='lat' dir='ltr'>ione</span> <span class='ocrx_word' id='word_1_116' title='bbox 557 1953 657 2015; x_wconf 74' lang='lat' dir='ltr'>{omem</span> <span class='ocrx_word' id='word_1_117' title='bbox 695 1949 790 2016; x_wconf 86' lang='lat' dir='ltr'>tierii.)</span> <span class='ocrx_word' id='word_1_118' title='bbox 803 1979 837 1987; x_wconf 91' lang='lat'>-</span> <span class='ocrx_word' id='word_1_119' title='bbox 849 1951 965 2017; x_wconf 75' lang='lat' dir='ltr'>quadro]</span> <span class='ocrx_word' id='word_1_120' title='bbox 982 1965 1024 2018; x_wconf 91' lang='lat' dir='ltr'>pr.</span> <span class='ocrx_word' id='word_1_121' title='bbox 1038 1959 1133 2016; x_wconf 77' lang='lat' dir='ltr'>quarte</span> <span class='ocrx_word' id='word_1_122' title='bbox 1147 1966 1219 2018; x_wconf 84' lang='lat' dir='ltr'>psrs.</span> 
     </span>
     <span class='ocr_line' id='line_1_15' title="bbox 129 2031 1223 2098; baseline 0.001 -17"><span class='ocrx_word' id='word_1_123' title='bbox 129 2033 270 2098; x_wconf 71' lang='lat' dir='ltr'>differant,</span> <span class='ocrx_word' id='word_1_124' title='bbox 290 2031 333 2084; x_wconf 82' lang='lat' dir='ltr'>iiie</span> <span class='ocrx_word' id='word_1_125' title='bbox 350 2045 504 2096; x_wconf 69' lang='lat' dir='ltr'>pemmonem</span> <span class='ocrx_word' id='word_1_126' title='bbox 517 2045 603 2081; x_wconf 77' lang='lat' dir='ltr'>meone</span> <span class='ocrx_word' id='word_1_127' title='bbox 617 2043 657 2079; x_wconf 83' lang='lat' dir='ltr'>so·</span> <span class='ocrx_word' id='word_1_128' title='bbox 694 2033 769 2095; x_wconf 78' lang='lat' dir='ltr'>virg.</span> <span class='ocrx_word' id='word_1_129' title='bbox 788 2033 887 2084; x_wconf 79' lang='lat' dir='ltr'>iteret.</span> <span class='ocrx_word' id='word_1_130' title='bbox 905 2033 957 2084; x_wconf 76' lang='lat' dir='ltr'>ti:</span> <span class='ocrx_word' id='word_1_131' title='bbox 982 2034 1064 2084; x_wconf 85' lang='lat' dir='ltr'>Leoct</span> <span class='ocrx_word' id='word_1_132' title='bbox 1082 2045 1147 2096; x_wconf 81' lang='lat' dir='ltr'>opus</span> <span class='ocrx_word' id='word_1_133' title='bbox 1161 2033 1223 2096; x_wconf 85' lang='lat' dir='ltr'>poi·</span> 
     </span>
     <span class='ocr_line' id='line_1_16' title="bbox 129 2109 1222 2174; baseline 0.002 -14"><span class='ocrx_word' id='word_1_134' title='bbox 129 2123 217 2160; x_wconf 83' lang='lat' dir='ltr'>rorem</span> <span class='ocrx_word' id='word_1_135' title='bbox 249 2113 279 2160; x_wconf 85' lang='lat' dir='ltr'>tn</span> <span class='ocrx_word' id='word_1_136' title='bbox 307 2111 507 2161; x_wconf 73' lang='lat' dir='ltr'>concubinatum</span> <span class='ocrx_word' id='word_1_137' title='bbox 535 2109 584 2160; x_wconf 80' lang='lat' dir='ltr'>iiii</span> <span class='ocrx_word' id='word_1_138' title='bbox 614 2109 657 2159; x_wconf 86' lang='lat' dir='ltr'>Sic</span> <span class='ocrx_word' id='word_1_139' title='bbox 694 2112 793 2174; x_wconf 66' lang='lat' dir='ltr'>meque</span> <span class='ocrx_word' id='word_1_140' title='bbox 812 2126 886 2161; x_wconf 82' lang='lat' dir='ltr'>suum</span> <span class='ocrx_word' id='word_1_141' title='bbox 906 2111 1005 2162; x_wconf 81' lang='lat' dir='ltr'>dilatat</span> <span class='ocrx_word' id='word_1_142' title='bbox 1026 2113 1055 2160; x_wconf 85' lang='lat' dir='ltr'>in</span> <span class='ocrx_word' id='word_1_143' title='bbox 1076 2112 1164 2162; x_wconf 82' lang='lat' dir='ltr'>ortem</span> <span class='ocrx_word' id='word_1_144' title='bbox 1187 2111 1222 2162; x_wconf 82' lang='lat' dir='ltr'>iii</span> 
     </span>
     <span class='ocr_line' id='line_1_17' title="bbox 129 2187 1222 2255; baseline -0.002 -15"><span class='ocrx_word' id='word_1_145' title='bbox 129 2193 184 2240; x_wconf 83' lang='lat' dir='ltr'>sine</span> <span class='ocrx_word' id='word_1_146' title='bbox 212 2191 273 2241; x_wconf 82' lang='lat' dir='ltr'>dote</span> <span class='ocrx_word' id='word_1_147' title='bbox 297 2191 395 2240; x_wconf 82' lang='lat' dir='ltr'>dedisse</span> <span class='ocrx_word' id='word_1_148' title='bbox 417 2187 502 2255; x_wconf 81' lang='lat' dir='ltr'>mapie</span> <span class='ocrx_word' id='word_1_149' title='bbox 526 2202 605 2254; x_wconf 80' lang='lat' dir='ltr'>quom</span> <span class='ocrx_word' id='word_1_150' title='bbox 628 2189 658 2236; x_wconf 85' lang='lat' dir='ltr'>in</span> <span class='ocrx_word' id='word_1_151' title='bbox 693 2197 789 2249; x_wconf 83' lang='lat' dir='ltr'>notat,</span> <span class='ocrx_word' id='word_1_152' title='bbox 819 2191 951 2251; x_wconf 71' lang='lat' dir='ltr'>impressis</span> <span class='ocrx_word' id='word_1_153' title='bbox 970 2203 1053 2254; x_wconf 75' lang='lat' dir='ltr'>aequo</span> <span class='ocrx_word' id='word_1_154' title='bbox 1073 2190 1222 2240; x_wconf 85' lang='lat' dir='ltr'>discrimine</span> 
     </span>
     <span class='ocr_line' id='line_1_18' title="bbox 128 2265 1222 2333; baseline 0 -15"><span class='ocrx_word' id='word_1_155' title='bbox 128 2271 340 2332; x_wconf 69' lang='lat' dir='ltr'>matrimonium.</span> <span class='ocrx_word' id='word_1_156' title='bbox 371 2293 402 2305; x_wconf 99' lang='lat'>-</span> <span class='ocrx_word' id='word_1_157' title='bbox 431 2265 546 2333; x_wconf 69' lang='lat' dir='ltr'>fundus]</span> <span class='ocrx_word' id='word_1_158' title='bbox 578 2281 657 2330; x_wconf 83' lang='lat' dir='ltr'>«quo</span> <span class='ocrx_word' id='word_1_159' title='bbox 695 2269 813 2332; x_wconf 80' lang='lat' dir='ltr'>quadris.</span> <span class='ocrx_word' id='word_1_160' title='bbox 841 2267 959 2320; x_wconf 83' lang='lat' dir='ltr'>Mertisi.</span> <span class='ocrx_word' id='word_1_161' title='bbox 979 2268 1011 2329; x_wconf 79' lang='grc'>9,</span> <span class='ocrx_word' id='word_1_162' title='bbox 1034 2269 1084 2319; x_wconf 79' lang='grc' dir='ltr'>91ι</span> <span class='ocrx_word' id='word_1_163' title='bbox 1116 2267 1222 2318; x_wconf 74' lang='lat' dir='ltr'>litetur</span> 
     </span>
     <span class='ocr_line' id='line_1_19' title="bbox 129 2344 1222 2410; baseline -0.004 -10"><span class='ocrx_word' id='word_1_164' title='bbox 129 2347 242 2400; x_wconf 78' lang='lat' dir='ltr'>vendito</span> <span class='ocrx_word' id='word_1_165' title='bbox 264 2349 355 2398; x_wconf 89' lang='lat' dir='ltr'>dotem</span> <span class='ocrx_word' id='word_1_166' title='bbox 374 2347 480 2408; x_wconf 90' lang='lat' dir='ltr'>sorori,</span> <span class='ocrx_word' id='word_1_167' title='bbox 512 2344 591 2396; x_wconf 82' lang='lat' dir='ltr'>metri</span> <span class='ocrx_word' id='word_1_168' title='bbox 609 2345 658 2395; x_wconf 85' lang='lat' dir='ltr'>uii-</span> <span class='ocrx_word' id='word_1_169' title='bbox 696 2348 744 2398; x_wconf 81' lang='lat' dir='ltr'>titi</span> <span class='ocrx_word' id='word_1_170' title='bbox 762 2349 889 2398; x_wconf 83' lang='lat' dir='ltr'>candidos</span> <span class='ocrx_word' id='word_1_171' title='bbox 910 2345 946 2397; x_wconf 85' lang='lat' dir='ltr'>od</span> <span class='ocrx_word' id='word_1_172' title='bbox 966 2359 1030 2396; x_wconf 82' lang='lat' dir='ltr'>oras</span> <span class='ocrx_word' id='word_1_173' title='bbox 1048 2345 1124 2397; x_wconf 77' lang='lat' dir='ltr'>Secia</span> <span class='ocrx_word' id='word_1_174' title='bbox 1137 2345 1222 2410; x_wconf 83' lang='lat' dir='ltr'>piuri-</span> 
     </span>
     <span class='ocr_line' id='line_1_20' title="bbox 130 2425 1063 2490; baseline -0.005 -12"><span class='ocrx_word' id='word_1_175' title='bbox 130 2433 223 2479; x_wconf 82' lang='lat' dir='ltr'>meniu</span> <span class='ocrx_word' id='word_1_176' title='bbox 240 2428 372 2490; x_wconf 76' lang='lat' dir='ltr'>praebere</span> <span class='ocrx_word' id='word_1_177' title='bbox 392 2439 529 2490; x_wconf 78' lang='lat' dir='ltr'>possem.»</span> <span class='ocrx_word' id='word_1_178' title='bbox 554 2450 585 2461; x_wconf 97' lang='lat'>-</span> <span class='ocrx_word' id='word_1_179' title='bbox 612 2436 658 2473; x_wconf 83' lang='lat' dir='ltr'>nec</span> <span class='ocrx_word' id='word_1_180' title='bbox 695 2441 740 2476; x_wconf 87' lang='lat' dir='ltr'>mo</span> <span class='ocrx_word' id='word_1_181' title='bbox 759 2428 863 2490; x_wconf 68' lang='lat' dir='ltr'>quom</span> <span class='ocrx_word' id='word_1_182' title='bbox 882 2425 913 2476; x_wconf 85' lang='lat' dir='ltr'>dc</span> <span class='ocrx_word' id='word_1_183' title='bbox 928 2425 1063 2488; x_wconf 76' lang='lat' dir='ltr'>placenta.</span> 
     </span>
    </p>

    <p class='ocr_par' dir='ltr' id='par_1_10' title="bbox 130 2497 1230 4234">
     <span class='ocr_line' id='line_1_21' title="bbox 130 2497 1222 2570; baseline -0.005 -12"><span class='ocrx_word' id='word_1_184' title='bbox 130 2504 278 2570; x_wconf 82' lang='lat' dir='ltr'>cenditiiis]</span> <span class='ocrx_word' id='word_1_185' title='bbox 293 2512 420 2570; x_wconf 78' lang='lat' dir='ltr'>«propter</span> <span class='ocrx_word' id='word_1_186' title='bbox 430 2507 456 2556; x_wconf 94' lang='lat' dir='ltr'>id</span> <span class='ocrx_word' id='word_1_187' title='bbox 470 2507 570 2570; x_wconf 87' lang='lat' dir='ltr'>ipsum,</span> <span class='ocrx_word' id='word_1_188' title='bbox 586 2503 657 2566; x_wconf 91' lang='lat' dir='ltr'>quod</span> <span class='ocrx_word' id='word_1_189' title='bbox 731 2497 867 2556; x_wconf 80' lang='lat'><strong>50—57.&#39;</strong></span> <span class='ocrx_word' id='word_1_190' title='bbox 908 2501 937 2554; x_wconf 82' lang='lat' dir='ltr'>si</span> <span class='ocrx_word' id='word_1_191' title='bbox 955 2499 1065 2565; x_wconf 78' lang='lat' dir='ltr'>tacitus]</span> <span class='ocrx_word' id='word_1_192' title='bbox 1097 2501 1222 2565; x_wconf 77' lang='lat' dir='ltr'>Speciem</span> 
     </span>
     <span class='ocr_line' id='line_1_22' title="bbox 130 2579 1224 2648; baseline -0.005 -12"><span class='ocrx_word' id='word_1_193' title='bbox 130 2586 321 2636; x_wconf 77' lang='lat' dir='ltr'>steriliscet.»</span> <span class='ocrx_word' id='word_1_194' title='bbox 358 2585 433 2636; x_wconf 80' lang='lat' dir='ltr'>Haec</span> <span class='ocrx_word' id='word_1_195' title='bbox 456 2583 657 2647; x_wconf 83' lang='lat' dir='ltr'>simplicissime</span> <span class='ocrx_word' id='word_1_196' title='bbox 696 2585 778 2636; x_wconf 80' lang='lat' dir='ltr'>hebet</span> <span class='ocrx_word' id='word_1_197' title='bbox 802 2583 845 2636; x_wconf 80' lang='lat' dir='ltr'>vei</span> <span class='ocrx_word' id='word_1_198' title='bbox 873 2579 1009 2648; x_wconf 86' lang='lat' dir='ltr'>proverbii</span> <span class='ocrx_word' id='word_1_199' title='bbox 1036 2581 1080 2634; x_wconf 82' lang='lat' dir='ltr'>vei</span> <span class='ocrx_word' id='word_1_200' title='bbox 1105 2579 1224 2631; x_wconf 83' lang='lat' dir='ltr'>ieboiiee</span> 
     </span>
     <span class='ocr_line' id='line_1_23' title="bbox 130 2658 1224 2728; baseline -0.006 -12"><span class='ocrx_word' id='word_1_201' title='bbox 130 2667 202 2716; x_wconf 86' lang='lat' dir='ltr'>rstio</span> <span class='ocrx_word' id='word_1_202' title='bbox 220 2671 279 2717; x_wconf 83' lang='lat' dir='ltr'>est:</span> <span class='ocrx_word' id='word_1_203' title='bbox 306 2679 358 2716; x_wconf 86' lang='lat' dir='ltr'>nec</span> <span class='ocrx_word' id='word_1_204' title='bbox 376 2670 449 2716; x_wconf 87' lang='lat' dir='ltr'>certe</span> <span class='ocrx_word' id='word_1_205' title='bbox 468 2664 595 2715; x_wconf 73' lang='lat' dir='ltr'>Horatius</span> <span class='ocrx_word' id='word_1_206' title='bbox 615 2675 659 2712; x_wconf 89' lang='lat' dir='ltr'>co-</span> <span class='ocrx_word' id='word_1_207' title='bbox 697 2664 847 2728; x_wconf 74' lang='lat' dir='ltr'>Aesopise3</span> <span class='ocrx_word' id='word_1_208' title='bbox 873 2658 950 2712; x_wconf 84' lang='lat' dir='ltr'>nutis</span> <span class='ocrx_word' id='word_1_209' title='bbox 971 2667 1062 2712; x_wconf 80' lang='lat' dir='ltr'>temen</span> <span class='ocrx_word' id='word_1_210' title='bbox 1082 2661 1162 2710; x_wconf 87' lang='lat' dir='ltr'>huius</span> <span class='ocrx_word' id='word_1_211' title='bbox 1181 2658 1224 2710; x_wconf 78' lang='lat' dir='ltr'>st·</span> 
     </span>
     <span class='ocr_line' id='line_1_24' title="bbox 132 2739 1224 2810; baseline -0.006 -14"><span class='ocrx_word' id='word_1_212' title='bbox 132 2745 228 2810; x_wconf 72' lang='lat' dir='ltr'>gitevit</span> <span class='ocrx_word' id='word_1_213' title='bbox 253 2746 287 2795; x_wconf 90' lang='lat' dir='ltr'>de</span> <span class='ocrx_word' id='word_1_214' title='bbox 312 2743 399 2795; x_wconf 78' lang='lat' dir='ltr'>tundo</span> <span class='ocrx_word' id='word_1_215' title='bbox 427 2757 483 2795; x_wconf 88' lang='lat' dir='ltr'>non</span> <span class='ocrx_word' id='word_1_216' title='bbox 512 2741 660 2794; x_wconf 76' lang='lat' dir='ltr'>alienando</span> <span class='ocrx_word' id='word_1_217' title='bbox 699 2744 820 2806; x_wconf 84' lang='lat' dir='ltr'>gumenti</span> <span class='ocrx_word' id='word_1_218' title='bbox 837 2748 961 2806; x_wconf 81' lang='lat' dir='ltr'>superesi</span> <span class='ocrx_word' id='word_1_219' title='bbox 983 2741 1011 2791; x_wconf 87' lang='lat' dir='ltr'>in</span> <span class='ocrx_word' id='word_1_220' title='bbox 1028 2740 1132 2793; x_wconf 80' lang='lat' dir='ltr'>Gorsse</span> <span class='ocrx_word' id='word_1_221' title='bbox 1148 2739 1224 2790; x_wconf 83' lang='grc' dir='ltr'>Συν-</span> 
     </span>
     <span class='ocr_line' id='line_1_25' title="bbox 130 2820 1224 2889; baseline -0.008 -13"><span class='ocrx_word' id='word_1_222' title='bbox 130 2826 175 2878; x_wconf 80' lang='lat' dir='ltr'>vei</span> <span class='ocrx_word' id='word_1_223' title='bbox 199 2838 231 2875; x_wconf 84' lang='lat' dir='ltr'>ex</span> <span class='ocrx_word' id='word_1_224' title='bbox 254 2825 409 2874; x_wconf 76' lang='lat' dir='ltr'>testamenii</span> <span class='ocrx_word' id='word_1_225' title='bbox 431 2820 546 2874; x_wconf 78' lang='lat' dir='ltr'>alicuius</span> <span class='ocrx_word' id='word_1_226' title='bbox 572 2821 659 2884; x_wconf 81' lang='lat' dir='ltr'>cupite</span> <span class='ocrx_word' id='word_1_227' title='bbox 698 2821 836 2889; x_wconf 79' lang='grc' dir='ltr'><em>τάγματι.</em></span> <span class='ocrx_word' id='word_1_228' title='bbox 884 2822 1027 2882; x_wconf 77' lang='lat' dir='ltr'>«Corvus,</span> <span class='ocrx_word' id='word_1_229' title='bbox 1047 2834 1110 2871; x_wconf 89' lang='lat' dir='ltr'>cum</span> <span class='ocrx_word' id='word_1_230' title='bbox 1132 2831 1224 2869; x_wconf 80' lang='lat' dir='ltr'>escum</span> 
     </span>
     <span class='ocr_line' id='line_1_26' title="bbox 132 2897 1224 2968; baseline -0.01 -11"><span class='ocrx_word' id='word_1_231' title='bbox 132 2903 174 2957; x_wconf 83' lang='lat' dir='ltr'>vei</span> <span class='ocrx_word' id='word_1_232' title='bbox 195 2909 359 2968; x_wconf 75' lang='lat' dir='ltr'>propterea,</span> <span class='ocrx_word' id='word_1_233' title='bbox 379 2903 542 2968; x_wconf 74' lang='lat' dir='ltr'>quodenset</span> <span class='ocrx_word' id='word_1_234' title='bbox 559 2899 660 2950; x_wconf 81' lang='lat' dir='ltr'>fundus</span> <span class='ocrx_word' id='word_1_235' title='bbox 699 2903 817 2965; x_wconf 88' lang='lat' dir='ltr'>reperit,</span> <span class='ocrx_word' id='word_1_236' title='bbox 849 2902 958 2952; x_wconf 70' lang='lat' dir='ltr'>assidue</span> <span class='ocrx_word' id='word_1_237' title='bbox 988 2901 1123 2951; x_wconf 82' lang='lat' dir='ltr'>crociteus</span> <span class='ocrx_word' id='word_1_238' title='bbox 1155 2897 1224 2947; x_wconf 83' lang='lat' dir='ltr'>sites</span> 
     </span>
     <span class='ocr_line' id='line_1_27' title="bbox 132 2977 1225 3054; baseline -0.008 -20"><span class='ocrx_word' id='word_1_239' title='bbox 132 2983 245 3035; x_wconf 76' lang='lat' dir='ltr'>italicus</span> <span class='ocrx_word' id='word_1_240' title='bbox 267 2979 380 3045; x_wconf 81' lang='lat' dir='ltr'>dotalis,</span> <span class='ocrx_word' id='word_1_241' title='bbox 412 2988 442 3033; x_wconf 87' lang='lat' dir='ltr'>ut</span> <span class='ocrx_word' id='word_1_242' title='bbox 460 2983 555 3033; x_wconf 84' lang='lat' dir='ltr'>voiunt</span> <span class='ocrx_word' id='word_1_243' title='bbox 574 2981 660 3054; x_wconf 73' lang='lat' dir='ltr'>luter·</span> <span class='ocrx_word' id='word_1_244' title='bbox 698 2995 762 3032; x_wconf 82' lang='lat' dir='ltr'>sves</span> <span class='ocrx_word' id='word_1_245' title='bbox 775 2980 875 3043; x_wconf 80' lang='lat' dir='ltr'>eiiieit,</span> <span class='ocrx_word' id='word_1_246' title='bbox 896 2981 1059 3044; x_wconf 84' lang='lat' dir='ltr'>quibuscum</span> <span class='ocrx_word' id='word_1_247' title='bbox 1072 2977 1149 3028; x_wconf 79' lang='lat' dir='ltr'>iilum</span> <span class='ocrx_word' id='word_1_248' title='bbox 1164 2989 1225 3041; x_wconf 79' lang='lat' dir='ltr'>per-</span> 
     </span>
     <span class='ocr_line' id='line_1_28' title="bbox 132 3057 1225 3128; baseline -0.008 -15"><span class='ocrx_word' id='word_1_249' title='bbox 132 3067 235 3126; x_wconf 87' lang='lat' dir='ltr'>preies.</span> <span class='ocrx_word' id='word_1_250' title='bbox 247 3087 278 3098; x_wconf 96' lang='lat'>-</span> <span class='ocrx_word' id='word_1_251' title='bbox 291 3076 397 3126; x_wconf 82' lang='lat' dir='ltr'>poscere</span> <span class='ocrx_word' id='word_1_252' title='bbox 408 3061 514 3128; x_wconf 69' lang='lat' dir='ltr'>firmus]</span> <span class='ocrx_word' id='word_1_253' title='bbox 528 3059 661 3123; x_wconf 79' lang='grc' dir='ltr'>βέβαιος,</span> <span class='ocrx_word' id='word_1_254' title='bbox 699 3061 743 3110; x_wconf 85' lang='lat' dir='ltr'>tiri</span> <span class='ocrx_word' id='word_1_255' title='bbox 758 3061 874 3122; x_wconf 83' lang='lat' dir='ltr'>cogitur.</span> <span class='ocrx_word' id='word_1_256' title='bbox 911 3060 956 3110; x_wconf 81' lang='lat' dir='ltr'>Sic</span> <span class='ocrx_word' id='word_1_257' title='bbox 976 3065 1019 3116; x_wconf 85' lang='lat' dir='ltr'>tu,</span> <span class='ocrx_word' id='word_1_258' title='bbox 1040 3059 1063 3108; x_wconf 91' lang='lat' dir='ltr'>si</span> <span class='ocrx_word' id='word_1_259' title='bbox 1081 3057 1161 3108; x_wconf 86' lang='lat' dir='ltr'>tscite</span> <span class='ocrx_word' id='word_1_260' title='bbox 1179 3068 1225 3119; x_wconf 85' lang='lat' dir='ltr'>pe·</span> 
     </span>
     <span class='ocr_line' id='line_1_29' title="bbox 133 3133 1226 3205; baseline -0.009 -13"><span class='ocrx_word' id='word_1_261' title='bbox 133 3155 244 3205; x_wconf 86' lang='lat' dir='ltr'>semper</span> <span class='ocrx_word' id='word_1_262' title='bbox 265 3141 396 3202; x_wconf 78' lang='lat' dir='ltr'>idoneus3</span> <span class='ocrx_word' id='word_1_263' title='bbox 429 3154 501 3191; x_wconf 80' lang='lat' dir='ltr'>suec</span> <span class='ocrx_word' id='word_1_264' title='bbox 519 3140 577 3190; x_wconf 91' lang='lat' dir='ltr'>eius</span> <span class='ocrx_word' id='word_1_265' title='bbox 600 3151 660 3202; x_wconf 88' lang='lat' dir='ltr'>pro·</span> <span class='ocrx_word' id='word_1_266' title='bbox 682 3143 758 3195; x_wconf 84' lang='lat' dir='ltr'>tes,</span> <span class='ocrx_word' id='word_1_267' title='bbox 780 3139 883 3188; x_wconf 85' lang='lat' dir='ltr'>meioru</span> <span class='ocrx_word' id='word_1_268' title='bbox 897 3138 975 3188; x_wconf 50' lang='lat' dir='ltr'>*dona</span> <span class='ocrx_word' id='word_1_269' title='bbox 991 3137 1080 3197; x_wconf 81' lang='lat' dir='ltr'>seres,</span> <span class='ocrx_word' id='word_1_270' title='bbox 1100 3148 1182 3200; x_wconf 85' lang='lat' dir='ltr'>quem</span> <span class='ocrx_word' id='word_1_271' title='bbox 1201 3133 1226 3182; x_wconf 94' lang='lat' dir='ltr'>si</span> 
     </span>
     <span class='ocr_line' id='line_1_30' title="bbox 134 3211 1225 3282; baseline -0.01 -9"><span class='ocrx_word' id='word_1_272' title='bbox 134 3223 232 3273; x_wconf 81' lang='lat' dir='ltr'>ventus</span> <span class='ocrx_word' id='word_1_273' title='bbox 248 3225 338 3270; x_wconf 80' lang='lat' dir='ltr'>tentus</span> <span class='ocrx_word' id='word_1_274' title='bbox 356 3225 412 3282; x_wconf 87' lang='lat' dir='ltr'>est,</span> <span class='ocrx_word' id='word_1_275' title='bbox 432 3225 462 3270; x_wconf 88' lang='lat' dir='ltr'>ni</span> <span class='ocrx_word' id='word_1_276' title='bbox 480 3232 512 3269; x_wconf 82' lang='lat' dir='ltr'>ex</span> <span class='ocrx_word' id='word_1_277' title='bbox 529 3229 562 3268; x_wconf 90' lang='lat' dir='ltr'>eo</span> <span class='ocrx_word' id='word_1_278' title='bbox 577 3216 660 3269; x_wconf 80' lang='lat' dir='ltr'>vitem</span> <span class='ocrx_word' id='word_1_279' title='bbox 700 3222 813 3280; x_wconf 82' lang='lat' dir='ltr'>petrono</span> <span class='ocrx_word' id='word_1_280' title='bbox 831 3228 911 3265; x_wconf 82' lang='lat' dir='ltr'>sures</span> <span class='ocrx_word' id='word_1_281' title='bbox 932 3215 1065 3265; x_wconf 87' lang='lat' dir='ltr'>obtundes</span> <span class='ocrx_word' id='word_1_282' title='bbox 1087 3214 1155 3263; x_wconf 77' lang='lat' dir='ltr'>aiios</span> <span class='ocrx_word' id='word_1_283' title='bbox 1175 3211 1225 3262; x_wconf 86' lang='lat' dir='ltr'>tibi</span> 
     </span>
     <span class='ocr_line' id='line_1_31' title="bbox 134 3289 1226 3361; baseline -0.012 -10"><span class='ocrx_word' id='word_1_284' title='bbox 134 3303 313 3351; x_wconf 80' lang='lat' dir='ltr'>sustentem.»</span> <span class='ocrx_word' id='word_1_285' title='bbox 334 3322 365 3335; x_wconf 89' lang='lat'>-·</span> <span class='ocrx_word' id='word_1_286' title='bbox 389 3295 506 3361; x_wconf 84' lang='lat' dir='ltr'>ciomct]</span> <span class='ocrx_word' id='word_1_287' title='bbox 535 3299 565 3346; x_wconf 90' lang='lat' dir='ltr'>ui</span> <span class='ocrx_word' id='word_1_288' title='bbox 585 3307 661 3345; x_wconf 87' lang='lat' dir='ltr'>men·</span> <span class='ocrx_word' id='word_1_289' title='bbox 700 3295 890 3358; x_wconf 84' lang='lat' dir='ltr'>competitores</span> <span class='ocrx_word' id='word_1_290' title='bbox 904 3293 1052 3344; x_wconf 76' lang='lat' dir='ltr'>excitans.»</span> <span class='ocrx_word' id='word_1_291' title='bbox 1066 3289 1226 3341; x_wconf 72' lang='lat' dir='ltr'>-Bnmdi</span> 
     </span>
     <span class='ocr_line' id='line_1_32' title="bbox 134 3371 1226 3441; baseline -0.012 -12"><span class='ocrx_word' id='word_1_292' title='bbox 134 3381 223 3430; x_wconf 89' lang='lat' dir='ltr'>dicus.</span> <span class='ocrx_word' id='word_1_293' title='bbox 238 3403 270 3414; x_wconf 97' lang='lat'>-</span> <span class='ocrx_word' id='word_1_294' title='bbox 290 3375 419 3441; x_wconf 80' lang='lat' dir='ltr'>Succinii]</span> <span class='ocrx_word' id='word_1_295' title='bbox 440 3376 572 3440; x_wconf 82' lang='lat' dir='ltr'>Exprimit</span> <span class='ocrx_word' id='word_1_296' title='bbox 586 3388 661 3424; x_wconf 88' lang='lat' dir='ltr'>meu·</span> <span class='ocrx_word' id='word_1_297' title='bbox 698 3371 781 3437; x_wconf 69' lang='lat' dir='ltr'>mum]</span> <span class='ocrx_word' id='word_1_298' title='bbox 811 3371 904 3424; x_wconf 79' lang='lat' dir='ltr'>«Sunt</span> <span class='ocrx_word' id='word_1_299' title='bbox 930 3371 1001 3422; x_wconf 84' lang='lat' dir='ltr'>siise</span> <span class='ocrx_word' id='word_1_300' title='bbox 1024 3383 1131 3434; x_wconf 85' lang='lat' dir='ltr'>quoque</span> <span class='ocrx_word' id='word_1_301' title='bbox 1153 3371 1226 3417; x_wconf 81' lang='lat' dir='ltr'>artes</span> 
     </span>
     <span class='ocr_line' id='line_1_33' title="bbox 135 3445 1226 3522; baseline -0.015 -12"><span class='ocrx_word' id='word_1_302' title='bbox 135 3461 260 3510; x_wconf 88' lang='lat' dir='ltr'>dicorum</span> <span class='ocrx_word' id='word_1_303' title='bbox 273 3458 433 3522; x_wconf 79' lang='lat' dir='ltr'>sdiempls‚</span> <span class='ocrx_word' id='word_1_304' title='bbox 451 3457 545 3517; x_wconf 72' lang='lat' dir='ltr'>trinis,</span> <span class='ocrx_word' id='word_1_305' title='bbox 566 3459 661 3520; x_wconf 85' lang='lat' dir='ltr'>pontes</span> <span class='ocrx_word' id='word_1_306' title='bbox 699 3465 844 3519; x_wconf 84' lang='lat' dir='ltr'>perversae</span> <span class='ocrx_word' id='word_1_307' title='bbox 866 3464 982 3511; x_wconf 87' lang='lat' dir='ltr'>eorum,</span> <span class='ocrx_word' id='word_1_308' title='bbox 1012 3451 1058 3514; x_wconf 88' lang='lat' dir='ltr'>qut</span> <span class='ocrx_word' id='word_1_309' title='bbox 1078 3450 1107 3498; x_wconf 87' lang='lat' dir='ltr'>in</span> <span class='ocrx_word' id='word_1_310' title='bbox 1126 3445 1226 3511; x_wconf 88' lang='lat' dir='ltr'>prinei·</span> 
     </span>
     <span class='ocr_line' id='line_1_34' title="bbox 136 3529 1224 3602; baseline -0.014 -13"><span class='ocrx_word' id='word_1_311' title='bbox 136 3543 363 3600; x_wconf 71' lang='lat' dir='ltr'>congregatorum</span> <span class='ocrx_word' id='word_1_312' title='bbox 394 3541 553 3602; x_wconf 81' lang='lat' dir='ltr'>perpetuum</span> <span class='ocrx_word' id='word_1_313' title='bbox 577 3533 662 3585; x_wconf 82' lang='lat' dir='ltr'>cenit—</span> <span class='ocrx_word' id='word_1_314' title='bbox 700 3535 741 3598; x_wconf 87' lang='lat' dir='ltr'>pis</span> <span class='ocrx_word' id='word_1_315' title='bbox 753 3531 868 3582; x_wconf 76' lang='lat' dir='ltr'>alicuius</span> <span class='ocrx_word' id='word_1_316' title='bbox 881 3531 932 3583; x_wconf 79' lang='lat' dir='ltr'>viri</span> <span class='ocrx_word' id='word_1_317' title='bbox 945 3529 1056 3580; x_wconf 86' lang='lat' dir='ltr'>cohorte</span> <span class='ocrx_word' id='word_1_318' title='bbox 1068 3530 1224 3578; x_wconf 78' lang='lat' dir='ltr'>verseniur:</span> 
     </span>
     <span class='ocr_line' id='line_1_35' title="bbox 134 3604 1227 3680; baseline -0.013 -13"><span class='ocrx_word' id='word_1_319' title='bbox 134 3618 245 3678; x_wconf 82' lang='lat' dir='ltr'>leuem,</span> <span class='ocrx_word' id='word_1_320' title='bbox 266 3630 337 3680; x_wconf 82' lang='lat' dir='ltr'>que,</span> <span class='ocrx_word' id='word_1_321' title='bbox 364 3622 395 3667; x_wconf 86' lang='lat' dir='ltr'>ut</span> <span class='ocrx_word' id='word_1_322' title='bbox 418 3617 522 3680; x_wconf 89' lang='lat' dir='ltr'>primus</span> <span class='ocrx_word' id='word_1_323' title='bbox 547 3615 665 3678; x_wconf 81' lang='lat' dir='ltr'>quisque</span> <span class='ocrx_word' id='word_1_324' title='bbox 700 3612 781 3663; x_wconf 91' lang='lat' dir='ltr'>modo</span> <span class='ocrx_word' id='word_1_325' title='bbox 810 3614 962 3674; x_wconf 88' lang='lat' dir='ltr'>queruntur</span> <span class='ocrx_word' id='word_1_326' title='bbox 987 3609 1021 3658; x_wconf 92' lang='lat' dir='ltr'>do</span> <span class='ocrx_word' id='word_1_327' title='bbox 1048 3606 1152 3657; x_wconf 88' lang='lat' dir='ltr'>itineris</span> <span class='ocrx_word' id='word_1_328' title='bbox 1185 3604 1227 3652; x_wconf 85' lang='lat' dir='ltr'>in·</span> 
     </span>
     <span class='ocr_line' id='line_1_36' title="bbox 136 3683 1227 3767; baseline -0.013 -21"><span class='ocrx_word' id='word_1_329' title='bbox 136 3697 235 3759; x_wconf 87' lang='lat' dir='ltr'>stipem</span> <span class='ocrx_word' id='word_1_330' title='bbox 245 3696 369 3767; x_wconf 52' lang='lat' dir='ltr'>decepit,</span> <span class='ocrx_word' id='word_1_331' title='bbox 390 3709 450 3746; x_wconf 87' lang='lat' dir='ltr'>sese</span> <span class='ocrx_word' id='word_1_332' title='bbox 468 3695 614 3757; x_wconf 83' lang='lat' dir='ltr'>excipiunt.</span> <span class='ocrx_word' id='word_1_333' title='bbox 630 3715 661 3728; x_wconf 89' lang='lat'><em>-</em></span> <span class='ocrx_word' id='word_1_334' title='bbox 700 3690 868 3750; x_wconf 88' lang='lat' dir='ltr'>commodis,</span> <span class='ocrx_word' id='word_1_335' title='bbox 895 3701 950 3753; x_wconf 82' lang='lat' dir='ltr'>quo</span> <span class='ocrx_word' id='word_1_336' title='bbox 967 3688 1039 3738; x_wconf 89' lang='lat' dir='ltr'>dono</span> <span class='ocrx_word' id='word_1_337' title='bbox 1051 3686 1143 3750; x_wconf 77' lang='lat' dir='ltr'>atiquo</span> <span class='ocrx_word' id='word_1_338' title='bbox 1162 3683 1227 3749; x_wconf 87' lang='lat' dir='ltr'>ipsis</span> 
     </span>
     <span class='ocr_line' id='line_1_37' title="bbox 137 3762 1227 3840; baseline -0.011 -16"><span class='ocrx_word' id='word_1_339' title='bbox 137 3777 170 3826; x_wconf 84' lang='lat' dir='ltr'>iii</span> <span class='ocrx_word' id='word_1_340' title='bbox 188 3772 268 3838; x_wconf 74' lang='lat' dir='ltr'>mitti]</span> <span class='ocrx_word' id='word_1_341' title='bbox 289 3775 373 3827; x_wconf 77' lang='lat' dir='ltr'>«Mihi</span> <span class='ocrx_word' id='word_1_342' title='bbox 395 3788 503 3840; x_wconf 85' lang='lat' dir='ltr'>quoque</span> <span class='ocrx_word' id='word_1_343' title='bbox 522 3774 600 3838; x_wconf 83' lang='lat' dir='ltr'>penis</span> <span class='ocrx_word' id='word_1_344' title='bbox 618 3770 662 3823; x_wconf 86' lang='lat' dir='ltr'>vei</span> <span class='ocrx_word' id='word_1_345' title='bbox 701 3774 929 3833; x_wconf 85' lang='lat' dir='ltr'>compensentur;</span> <span class='ocrx_word' id='word_1_346' title='bbox 949 3767 1031 3818; x_wconf 87' lang='lat' dir='ltr'>modo</span> <span class='ocrx_word' id='word_1_347' title='bbox 1043 3779 1073 3816; x_wconf 91' lang='lat' dir='ltr'>se</span> <span class='ocrx_word' id='word_1_348' title='bbox 1091 3779 1107 3815; x_wconf 83' lang='lat' dir='ltr'>e</span> <span class='ocrx_word' id='word_1_349' title='bbox 1122 3762 1227 3815; x_wconf 84' lang='lat' dir='ltr'>iuribus</span> 
     </span>
     <span class='ocr_line' id='line_1_38' title="bbox 138 3844 1227 3918; baseline -0.011 -15"><span class='ocrx_word' id='word_1_350' title='bbox 138 3855 280 3918; x_wconf 76' lang='lat' dir='ltr'>placentne</span> <span class='ocrx_word' id='word_1_351' title='bbox 309 3853 426 3904; x_wconf 79' lang='lat' dir='ltr'>inustum</span> <span class='ocrx_word' id='word_1_352' title='bbox 456 3853 535 3912; x_wconf 80' lang='lat' dir='ltr'>dato,</span> <span class='ocrx_word' id='word_1_353' title='bbox 567 3852 603 3902; x_wconf 84' lang='lat' dir='ltr'>iis</span> <span class='ocrx_word' id='word_1_354' title='bbox 634 3855 662 3899; x_wconf 88' lang='lat' dir='ltr'>ut</span> <span class='ocrx_word' id='word_1_355' title='bbox 702 3848 863 3912; x_wconf 79' lang='lat' dir='ltr'>compilatos</span> <span class='ocrx_word' id='word_1_356' title='bbox 881 3861 956 3907; x_wconf 70' lang='lat' dir='ltr'>esse:</span> <span class='ocrx_word' id='word_1_357' title='bbox 977 3847 1023 3897; x_wconf 89' lang='lat' dir='ltr'>sed</span> <span class='ocrx_word' id='word_1_358' title='bbox 1043 3857 1139 3897; x_wconf 88' lang='lat' dir='ltr'>omnes</span> <span class='ocrx_word' id='word_1_359' title='bbox 1160 3844 1227 3893; x_wconf 78' lang='lat' dir='ltr'>istae</span> 
     </span>
     <span class='ocr_line' id='line_1_39' title="bbox 138 3922 1228 3997; baseline -0.013 -13"><span class='ocrx_word' id='word_1_360' title='bbox 138 3946 255 3996; x_wconf 88' lang='lat' dir='ltr'>munus,</span> <span class='ocrx_word' id='word_1_361' title='bbox 275 3935 347 3997; x_wconf 78' lang='lat' dir='ltr'>anod</span> <span class='ocrx_word' id='word_1_362' title='bbox 363 3934 432 3984; x_wconf 84' lang='lat' dir='ltr'>ulter</span> <span class='ocrx_word' id='word_1_363' title='bbox 452 3937 538 3983; x_wconf 89' lang='lat' dir='ltr'>totum</span> <span class='ocrx_word' id='word_1_364' title='bbox 556 3929 663 3981; x_wconf 76' lang='lat' dir='ltr'>auterre</span> <span class='ocrx_word' id='word_1_365' title='bbox 702 3929 817 3979; x_wconf 79' lang='lat' dir='ltr'>sstutiue</span> <span class='ocrx_word' id='word_1_366' title='bbox 843 3942 939 3992; x_wconf 81' lang='lat' dir='ltr'>perum</span> <span class='ocrx_word' id='word_1_367' title='bbox 958 3939 1006 3976; x_wconf 87' lang='lat' dir='ltr'>eos</span> <span class='ocrx_word' id='word_1_368' title='bbox 1029 3925 1136 3984; x_wconf 80' lang='lat' dir='ltr'>iuvent,</span> <span class='ocrx_word' id='word_1_369' title='bbox 1164 3922 1228 3986; x_wconf 86' lang='lat' dir='ltr'>quis</span> 
     </span>
     <span class='ocr_line' id='line_1_40' title="bbox 138 4005 1230 4072; baseline -0.012 -10"><span class='ocrx_word' id='word_1_370' title='bbox 138 4013 212 4072; x_wconf 77' lang='lat' dir='ltr'>voit,</span> <span class='ocrx_word' id='word_1_371' title='bbox 241 4013 405 4064; x_wconf 79' lang='lat' dir='ltr'>dividetur.»</span> <span class='ocrx_word' id='word_1_372' title='bbox 427 4035 458 4066; x_wconf 90' lang='lat'>-.·</span> <span class='ocrx_word' id='word_1_373' title='bbox 477 4005 600 4072; x_wconf 81' lang='lat' dir='ltr'>dividuo]</span> <span class='ocrx_word' id='word_1_374' title='bbox 622 4021 662 4070; x_wconf 87' lang='lat' dir='ltr'>pr.</span> <span class='ocrx_word' id='word_1_375' title='bbox 703 4007 785 4061; x_wconf 88' lang='lat' dir='ltr'>nimis</span> <span class='ocrx_word' id='word_1_376' title='bbox 801 4007 905 4058; x_wconf 88' lang='lat' dir='ltr'>similes</span> <span class='ocrx_word' id='word_1_377' title='bbox 924 4010 987 4056; x_wconf 83' lang='lat' dir='ltr'>sunt</span> <span class='ocrx_word' id='word_1_378' title='bbox 1004 4005 1129 4055; x_wconf 91' lang='lat' dir='ltr'>doiorum</span> <span class='ocrx_word' id='word_1_379' title='bbox 1142 4013 1230 4050; x_wconf 89' lang='lat' dir='ltr'>mere·</span> 
     </span>
     <span class='ocr_line' id='line_1_41' title="bbox 140 4073 1229 4155; baseline -0.012 -14"><span class='ocrx_word' id='word_1_380' title='bbox 140 4091 211 4152; x_wconf 90' lang='lat' dir='ltr'>quod</span> <span class='ocrx_word' id='word_1_381' title='bbox 233 4091 317 4142; x_wconf 84' lang='lat' dir='ltr'>dividi</span> <span class='ocrx_word' id='word_1_382' title='bbox 338 4096 462 4155; x_wconf 83' lang='lat' dir='ltr'>potcst‚n</span> <span class='ocrx_word' id='word_1_383' title='bbox 483 4095 555 4140; x_wconf 75' lang='lat' dir='ltr'>tume</span> <span class='ocrx_word' id='word_1_384' title='bbox 576 4089 665 4152; x_wconf 79' lang='lat' dir='ltr'>equod</span> <span class='ocrx_word' id='word_1_385' title='bbox 692 4087 873 4137; x_wconf 69' lang='lat' dir='ltr'>isiciorum.»</span> <span class='ocrx_word' id='word_1_386' title='bbox 911 4085 1095 4142; x_wconf 80' lang='lat' dir='ltr'>Brundisium,</span> <span class='ocrx_word' id='word_1_387' title='bbox 1115 4073 1229 4131; x_wconf 84' lang='lat' dir='ltr'>Ssieuii·</span> 
     </span>
     <span class='ocr_line' id='line_1_42' title="bbox 141 4157 1230 4234; baseline -0.013 -16"><span class='ocrx_word' id='word_1_388' title='bbox 141 4169 324 4234; x_wconf 85' lang='lat' dir='ltr'>nuuc·ipsum</span> <span class='ocrx_word' id='word_1_389' title='bbox 346 4167 510 4221; x_wconf 75' lang='lat' dir='ltr'>dividiturm‘</span> <span class='ocrx_word' id='word_1_390' title='bbox 527 4167 591 4220; x_wconf 82' lang='lat' dir='ltr'>Ter.</span> <span class='ocrx_word' id='word_1_391' title='bbox 613 4165 665 4219; x_wconf 75' lang='lat' dir='ltr'>td.</span> <span class='ocrx_word' id='word_1_392' title='bbox 704 4179 802 4218; x_wconf 89' lang='lat' dir='ltr'>norum</span> <span class='ocrx_word' id='word_1_393' title='bbox 829 4163 975 4228; x_wconf 82' lang='lat' dir='ltr'>oppidum,</span> <span class='ocrx_word' id='word_1_394' title='bbox 1003 4160 1138 4216; x_wconf 78' lang='lat' dir='ltr'>Briodisi,</span> <span class='ocrx_word' id='word_1_395' title='bbox 1167 4157 1230 4207; x_wconf 83' lang='lat' dir='ltr'>Sur·</span> 
     </span>
    </p>
   </div>
   <div class='ocr_carea' id='block_1_6' title="bbox 0 0 1477 4796">
    <p class='ocr_par' dir='ltr' id='par_1_11' title="bbox 0 0 1477 4796">
     <span class='ocr_line' id='line_1_43' title="bbox 0 0 1477 4796; baseline 0 0"><span class='ocrx_word' id='word_1_396' title='bbox 0 0 1477 4796; x_wconf 95' lang='lat' dir='ltr'> </span> 
     </span>
    </p>
   </div>
  </div>
 </body>
</html>
