2928 4794
239 261 319 332 366
599 285 740 332 ucuuru
768 283 1006 334 nersrouunuu

140 405 142 414 X
243 425 433 512 porrigere.
476 425 540 494 Hic
562 425 695 492 multum
718 426 754 490 iu
775 423 881 494 Fabia
902 425 1011 508 valet,
1034 425 1089 488 illc
1112 423 1250 506 Vcliuu3

242 544 301 612 Cui
318 547 411 610 libet-
427 545 480 612 bic
504 547 615 630 tuscos
637 545 729 634 dabit
751 547 935 629 eripietque
958 546 1072 634 curule

242 662 301 731 Cui
325 667 418 730 volet
440 668 649 749 importunus
670 668 761 732 ebur.
805 667 942 750 Frater,
966 665 1086 750 Pater,
1108 665 1214 750 adue3

241 785 288 852 Ut
311 788 428 874 cuique
451 793 504 852 est
526 790 638 870 setae,
661 789 707 852 itu
730 805 890 872 quemque
913 787 1045 854 facetus
1063 785 1199 870 adopta.
1284 782 1327 844 55

243 903 300 992 Si,
325 909 409 972 bene
432 909 486 991 qui
509 911 647 988 coeunt,
670 908 755 980 bene
777 909 878 992 vivit3
899 909 1005 988 lucet,
1028 925 1141 975 camus

295 1202 317 1253 1.
357 1200 394 1266 (r.
414 1203 457 1252 53.
479 1203 587 1252 liabent
604 1204 644 1251 bic
661 1204 742 1266 [oscor
762 1196 836 1263 bSc.)

284 1309 319 1358 u.
357 1325 383 1358 v.
402 1309 447 1358 53.
469 1309 578 1359 cortou
596 1309 650 1358 ur.
671 1309 711 1357 m.
730 1310 753 1356 u
770 1310 851 1372 roseo
870 1307 918 1357 rs.
959 1279 963 1283 ’

271 1415 321 1466 lll.
359 1431 386 1464 v.
406 1416 450 1464 53.
469 1417 492 1464 is
510 1417 589 1480 sarcis
608 1429 622 1464 e
642 1415 726 1464 Colo.

243 1649 353 1712 quidem
379 1647 488 1696 intimae
511 1647 589 1696 sortis
610 1647 764 1706 hominemr
804 1645 890 1708 fragia
910 1647 1050 1696 tribulium
1068 1661 1179 1698 suorum
1197 1647 1244 1698 tibi
1264 1663 1330 1699 cou-

243 1727 403 1776 ambitiosus
421 1741 436 1775 a
456 1725 550 1776 sedulo
563 1725 766 1776 nomenclatore
805 1725 940 1784 ciliabit;»
961 1727 1014 1786 vel,
1030 1728 1190 1780 cuatelam:
1210 1729 1330 1780 «tribum

244 1807 352 1854 iubetur
373 1805 397 1852 ei
421 1809 495 1852 trans
522 1803 660 1854 sordidum
686 1804 765 1853 istum
805 1818 881 1854 suam
900 1805 947 1854 tibi
965 1805 1169 1857 conficiet.»-
1190 1807 1328 1868 Cuilibet]

243 1890 402 1950 apparatum
418 1885 569 1945 ponderum
583 1895 614 1937 ac
628 1895 766 1932 mensura·
805 1884 907 1934 divise:
937 1884 1093 1950 «dabitei,
1121 1885 1165 1934 cui
1189 1886 1253 1936 dare
1276 1885 1329 1948 ipsi

243 1977 304 2012 rum
318 1951 454 2010 dexteram
472 1974 558 2023 aeque
576 1960 689 2009 comiter
706 1974 766 2024 por·
805 1961 931 2024 placem»
970 1977 1025 2015 nou
1059 1965 1172 2030 iunctim
1208 1965 1327 2024 cuilibet,

244 2043 345 2103 rigere,
366 2055 398 2089 ac
412 2041 433 2089 si
447 2040 589 2092 familiaris
601 2045 686 2098 esset,
708 2053 767 2102 spe·
806 2042 909 2102 «primo
923 2043 1048 2104 cuique.»
1065 2065 1092 2076 -—
1109 2044 1150 2092 bio
1162 2039 1261 2107 [moes]
1282 2043 1331 2092 list

243 2119 396 2179 muclofe,
418 2120 518 2170 uteius
537 2117 696 2179 suffragium
715 2118 766 2169 sibi
805 2121 897 2183 utique
928 2123 1023 2174 tertius
1054 2121 1327 2186 aliquisfplebeius.

243 2199 398 2249 conciliet.»
437 2199 511 2247 llaec
528 2197 767 2258 omniumsimpli·
804 2198 875 2249 Male
901 2199 1026 2248 nonnulli
1052 2201 1089 2260 is,
1115 2201 1186 2262 quod
1209 2199 1332 2251 relereu·

243 2278 352 2327 eissima
370 2282 411 2326 est
423 2277 622 2340 interpretatio,
644 2275 672 2330 in
685 2289 766 2338 quam
803 2277 866 2327 dum
881 2284 951 2326 esset
966 2279 999 2344 arl
1021 2293 1063 2328 vr.
1083 2279 1127 2327 illc
1144 2267 1260 2327 Velim
1278 2279 1329 2328 Hic

244 2351 353 2417 tamen,
375 2358 445 2418 quod
469 2356 567 2408 sciam,
591 2359 698 2416 praeter
715 2353 766 2401 Lu·
803 2355 912 2423 tirmant
925 2355 1009 2406 cndu.
1026 2357 1088 2406 mei.
1105 2381 1136 2390 -
1149 2353 1326 2418 importunus]

243 2436 319 2499 piurn
341 2435 369 2486 in
388 2435 521 2486 lllorcellii
543 2433 612 2496 Opp.
633 2433 719 2494 epigr.
739 2432 764 2484 1.
806 2439 931 2496 «propter
942 2435 1124 2484 morositatem
1139 2436 1331 2486 incommodus

243 2514 359 2577 prate.
392 2527 474 2569 nemo
500 2512 604 2566 incidit.
654 2509 767 2559 Verlunt
794 2498 830 2562 ¹et
852 2513 1052 2562 inexorabilis.»
1082 2513 1275 2582 Trotalrops.
1298 2536 1330 2548 -·

243 2593 317 2645 enim
332 2593 433 2642 «uber
447 2585 565 2642 Gabilt
583 2589 674 2648 bion)
704 2589 766 2637 «ol-
803 2591 891 2640 curule
904 2617 914 2626 ·
926 2589 998 2654 ebur]
1018 2592 1112 2644 sellam
1122 2593 1256 2652 curulem,
1267 2607 1332 2642 con-

243 2679 293 2722 tre
319 2673 358 2736 pt
382 2671 586 2734 'iupombri‚u
624 2681 683 2718 «cu
712 2681 766 2718 uac-
804 2671 932 2721 sulatum.
971 2671 1102 2734 Loquitur
1119 2671 1233 2720 omnino
1251 2672 1331 2734 quasi

242 2751 296 2797 ilio
314 2750 351 2798 se
377 2763 442 2797 uuo
465 2748 594 2803 bullum
622 2746 698 2810 quasi
722 2760 765 2795 ve·
805 2754 895 2798 vetere
923 2762 952 2797 rc
977 2749 1100 2810 publica:
1135 2755 1160 2800 et
1186 2763 1252 2801 saue
1277 2763 1330 2814 per

243 2842 274 2877 ro
295 2828 453 2888 spondero
474 2826 639 2887 signiticaret
657 2824 766 2890 1)«tra·
805 2826 918 2888 Augusti
952 2827 994 2876 iu
1014 2827 1124 2876 Oriente
1158 2829 1330 2888 absentiam,

243 2906 324 2963 bes;»
344 2901 372 2968 2)
390 2906 578 2963 «obstaculum
598 2903 625 2966 3)
638 2921 765 2957 ‹ioueraa
805 2907 963 2967 praesertim
986 2919 1011 2954 a.
1035 2921 1061 2974 u.
1087 2919 1111 2956 c.
1138 2905 1200 2954 735.
1226 2907 1332 2956 multae

243 2983 341 3032 baiulis
368 2997 416 3044 per
438 2983 540 3046 plateas
565 2973 709 3044 port'ata;»
737 2981 764 3048 t)
805 2981 899 3032 turbae
919 2984 1037 3034 maxime
1059 2985 1086 3033 iu
1108 2985 1225 3037 comitiis
1247 2999 1332 3048 quae·

244 3061 406 3120 ‹tteericasp
426 3058 453 3123 5)
478 3062 606 3127 «densam
624 3063 765 3114 hominum
805 3063 892 3112 storiis
911 3068 985 3112 ortae
1006 3051 1098 3122 eraut,
1118 3076 1291 3124 compressae
1315 3077 1332 3112 a

243 3142 384 3200 turbarum
412 3137 440 3204 6)
467 3146 573 3202 «togam
598 3156 763 3192 onerosam»
805 3141 834 3190 C.
850 3141 941 3190 Sentio
955 3141 1076 3192 consule.
1097 3139 1329 3200 viellermus.-

244 3217 351 3282 (luven.
365 3219 391 3278 6,
407 3220 457 3270 25:
479 3211 589 3270 onerosa
598 3219 717 3283 poltic,·)
737 3217 764 3282 7)
806 3215 918 3273 Frater,'
927 3215 1022 3280 poter]
1042 3220 1141 3282 [ratres
1160 3233 1208 3284 per
1223 3219 1332 3270 blandi-

243 3300 330 3348 uultra
348 3299 539 3362 aequilibrium
561 3289 682 3362 corporis
704 3285 764 3365 cum
805 3298 868 3346 tiam
889 3298 1024 3350 interdum
1047 3298 1221 3360 appellabant
1242 3298 1332 3346 homi-

243 3377 364 3440 periculo
383 3378 531 3444 cadendipr
552 3392 616 3429 nam
634 3379 685 3428 hae
705 3384 767 3430 sunt
805 3389 853 3424 nes
879 3381 966 3424 aetate
989 3377 1039 3424 sibi
1064 3376 1207 3439 aequales,
1236 3385 1332 3438 patres

243 3457 406 3518 praecipuae
440 3457 469 3508 b.
501 3471 527 3506 v.
558 3457 764 3522 explicationes;
804 3454 935 3505 seniores.
972 3449 1062 3508 Plani.
1085 3455 1154 3506 llud.
1181 3456 1207 3514 1,
1230 3455 1257 3514 2,
1277 3455 1329 3504 21:

242 3534 531 3597 quascmnesreiutat
547 3535 589 3586 vel
605 3537 766 3598 primusad-
803 3533 850 3582 tu.
875 3533 971 3594 Peter,
999 3533 1108 3584 calueto.
1132 3559 1142 3568 -
1163 3558 1174 3568 ·
1196 3558 1207 3568 -
1234 3533 1329 3584 Donat.

242 3620 350 3676 spectus
375 3615 502 3664 tabernae
530 3614 713 3677 Pompeianae
738 3617 765 3664 in
803 3611 927 3660 Filiolam
937 3625 1072 3676 eqouoam
1081 3613 1170 3667 habui,
1182 3625 1331 3663 eumuoam

208 3723 212 3728 -
241 3693 328 3744 Musei
350 3693 495 3743 burbonici
513 3694 572 3746 Vol.
590 3693 622 3742 X.
644 3703 704 3756 post
721 3709 766 3746 vu·
801 3690 915 3752 perdidi·
955 3689 1034 3738 Viri-le
1053 3703 1123 3740 rectit
1137 3704 1273 3752 tunquam
1289 3691 1332 3739 ul-

241 3771 353 3823 luminis
373 3772 500 3822 indicem.
804 3769 856 3819 lum
874 3767 961 3818 bubui.
1000 3767 1095 3818 luveu.
1117 3767 1144 3828 5,
1168 3768 1228 3818 135.
1249 3769 1332 3821 Virro

276 3849 390 3900 52-55.
429 3851 512 3900 Fabiu
525 3875 554 3885 --
569 3846 675 3912 Velina]
696 3849 764 3900 duae
803 3835 835 3894 ad
851 3846 978 3896 Trebium
993 3846 1121 3895 clientem
1135 3851 1246 3908 repente
1260 3847 1331 3896 dita-

243 3941 273 3978 ex
290 3929 395 3980 XXXV.
417 3930 539 3979 tribubus
561 3927 703 3988 Romanis,
731 3929 764 3978 ile
803 3932 876 3988 turn,
911 3938 992 3989 quem
1023 3935 1103 3977 antea
1133 3928 1332 3990 superbissime

241 4008 339 4070 quibus
356 4008 417 4068 vide
434 4009 521 4060 lusor.
545 4020 581 4056 m.
600 4006 657 4056 Lat.
679 4007 715 4055 11.
736 4022 762 4069 p.
803 4012 979 4057 tractaverat:
1010 4005 1067 4064 Vis,
1087 4007 1188 4070 frater,
1207 4007 1241 4056 ob
1263 4007 1332 4068 ipsis

241 4087 284 4156 ¹¹2:
322 4087 428 4137 «llomo
452 4085 533 4154 igitur
554 4085 687 4144 gratiosus
711 4085 764 4134 sui·
803 4085 906 4138 ilibus?
926 4084 1040 4146 Capitol.
1063 4085 1100 4136 tt.
1122 4084 1252 4135 Antonin.
1274 4083 1329 4133 ts:
