2822 4794
604 315 741 363 nonnuli
764 314 964 360 subluantur

286 461 482 548 Agricolam
505 456 620 546 laudnt
641 457 723 520 iuris
744 455 921 544 legumque
944 455 1088 537 peritus,
1146 457 1149 460 ’
1175 481 1178 492 ’

226 578 231 586 ‘
285 577 358 650 Sub
380 582 463 672 galli
485 582 619 650 eentum
641 577 814 644 consultor
836 576 891 640 ubi
915 577 1001 639 ostio
1023 575 1144 658 pulset.
1290 571 1328 628 10

285 705 348 770 Ille
370 703 459 768 datis
480 700 623 766 vadibus
646 699 700 784 qui
722 715 800 762 rure
823 699 997 762 extructus
1022 697 1056 759 in
1078 696 1192 761 urbem
1215 698 1284 772 est,

285 820 388 892 Solos
409 823 527 890 felices
548 822 706 886 viventes
727 819 848 886 clamat
870 819 903 881 in
927 818 1018 883 urbe.
1081 835 1083 840 ·

286 945 409 1013 Cetera
431 944 621 1033 degenere
643 941 723 1026 hoe,
745 939 830 1006 adeo
852 941 932 1018 sunt
954 939 1073 1025 multa,
1096 939 1266 1023 loquacem

285 1067 467 1133 Delassere
488 1065 604 1130 valent
627 1063 774 1130 Fabium.
816 1061 868 1127 Ne
891 1063 925 1126 te
946 1079 1072 1145 morer,
1093 1058 1189 1135 audi,

296 1337 319 1387 l.
356 1351 383 1387 r.
403 1335 446 1386 12.
465 1339 557 1386 eoutut
575 1333 607 1384 B.

1279 892 1303 942 -11
1399 864 1400 887 ¹

1396 1072 1399 1203 ,

1396 1206 1399 1328 l

244 1531 768 1599 eamus.(non=dieEntsebetduup
806 1533 982 1597 prudentum.
1004 1555 1034 1568 -
1061 1528 1208 1594 consultor]
1238 1531 1330 1595 quili-
1397 1551 1399 1598 ι

244 1617 300 1667 der
317 1615 449 1666 Stuude.
468 1610 564 1678 Wolf.)
586 1639 618 1650 -
636 1615 768 1676 Memento
806 1619 860 1662 tem
873 1601 977 1663 hebens
991 1611 1220 1668 iureconsultum,
1240 1612 1329 1662 virum

1396 1609 1399 1672 l

244 1693 312 1759 dtu]
343 1695 375 1745 V.
403 1699 466 1754 out,
498 1694 571 1757 quod
602 1695 780 1744 recentiores¹
807 1692 926 1756 aliquem
960 1691 1120 1754 primarium
1150 1691 1265 1741 civitatis
1300 1691 1329 1739 in

163 1766 167 1774 '
243 1773 301 1825 iere
324 1774 462 1832 inserunt,
489 1772 582 1824 velex
604 1773 767 1835 optimorum
807 1771 993 1820 atrio-domus
1011 1782 1077 1818 suae
1095 1769 1123 1818 in
1142 1768 1211 1818 solio
1234 1770 1330 1818 seden-

1396 1753 1399 1825 l

245 1852 330 1904 Godd.
344 1849 708 1910 auctoritatereiieiendum,
729 1855 769 1900 est
807 1856 875 1910 tem,
896 1850 983 1912 primo
1001 1861 1082 1898 mane
1095 1850 1165 1910 adit,
1186 1855 1214 1898 ut
1227 1850 1278 1898 sibi
1296 1849 1329 1897 de
1396 1864 1399 1895 :

245 1932 377 1982 excolitis
395 1931 449 1980 illis
468 1931 574 1980 mediae
590 1931 685 1980 aetatis
699 1931 769 1992 glos·
808 1929 865 1977 iure
883 1926 1049 1991 'respoudeat
1065 1929 1257 1992 actionumque
1276 1927 1331 1977 for-

245 2010 281 2061 tis
303 2009 488 2070 scholasticis,
518 2010 694 2060 interlineas
716 2010 769 2072 pri·
807 2009 894 2057 mulas
917 2010 1093 2070 praescribat.
1139 2010 1171 2058 ln
1196 2008 1330 2070 gallicinii

245 2101 321 2139 mum
357 2089 509 2152 adscriptis.
566 2089 768 2152 «Nequaquam
807 2091 928 2148 tempore
946 2087 1059 2138 ridicula
1080 2086 1227 2151 hyperbole
1243 2087 1329 2146 inest,

244 2168 299 2230 leg.
335 2167 468 2219 Memento
490 2173 538 2217 out
560 2169 629 2226 citou
661 2168 768 2217 enimus
807 2171 836 2214 ut
854 2167 882 2214 in
900 2166 953 2214 illis
969 2165 1025 2216 Cic.
1040 2182 1089 2230 pro
1110 2166 1265 2218 Mummii:
1287 2167 1332 2214 Vi·

210 2302 216 2312 ,
246 2247 320 2296 enim
342 2253 442 2296 nautae
462 2247 583 2297 abiectus
611 2248 639 2296 in
666 2248 708 2296 his
729 2250 769 2295 est
806 2245 874 2308 qttos
892 2251 921 2294 tu
938 2242 1063 2310 (Sulpici)
1077 2249 1108 2295 de
1124 2253 1215 2306 noete,
1235 2251 1265 2294 ut
1278 2245 1332 2293 tuis

246 2326 477 2386 considerandus,
498 2327 542 2376 cui
559 2327 613 2376 iam
627 2339 713 2389 paene
724 2327 769 2375 de·
807 2324 997 2374 consultoribus
1021 2327 1193 2388 respondeum
1220 2324 1263 2372 tlte
1282 2320 1329 2386 (L.

245 2410 351 2469 sperate
382 2405 468 2456 salute
505 2407 555 2455 isla
587 2405 768 2470 tranquillitas
807 2401 973 2468 Lucullus),
1002 2410 1098 2463 uteo,
1124 2417 1173 2467 quo
1198 2404 1329 2462 intendit,

246 2485 402 2547 ambigendi
420 2499 476 2535 uon
490 2487 645 2538 convenit.»
672 2487 769 2536 ltmsre
805 2489 908 2531 mature
925 2497 983 2531 eum
998 2483 1112 2530 exercitu
1125 2483 1274 2542 perveniat.
1296 2479 1331 2530 Ie

245 2563 436 2615 Gommentutt.
468 2565 534 2616 Oed.
562 2564 621 2616 Col.
651 2580 679 2628 p.
705 2564 767 2614 216.
806 2560 954 2622 pullorum,
974 2560 1048 2608 illum
1057 2560 1224 2608 buccinarum
1238 2565 1332 2609 contus

246 2643 301 2695 Cir.
316 2645 396 2693 Hand
409 2644 527 2694 Turseli.
542 2645 564 2694 1.
586 2659 612 2707 p.
623 2641 701 2699 236„
722 2642 769 2704 qui
807 2639 958 2688 exsuscitat.
996 2638 1051 2688 Cir.
1072 2639 1139 2702 Epp.
1158 2640 1191 2701 2,
1215 2641 1245 2696 1,
1268 2637 1329 2687 103.

246 2728 294 2770 out
324 2721 407 2772 semel
434 2724 551 2785 positum
581 2722 662 2773 vertit
691 2723 770 2770 oder
807 2715 886 2765 Ouid.
904 2715 1127 2777 Am.1.13,1e:
1148 2719 1331 2782 utqueeodem

235 2801 344 2857 ,aueltc
364 2801 457 2864 sicque
478 2807 518 2851 est
537 2801 608 2850 inira
629 2815 654 2851 v.
678 2801 722 2850 72.
744 2803 770 2848 et
809 2791 936 2858 (Aurora)
967 2810 1090 2859 sponsum
1122 2798 1233 2846 consulti
1269 2803 1331 2846 onte
1398 2855 1399 2858 Ἴ

246 2879 357 2933 r.101.
404 2879 483 2940 Quod
502 2885 592 2928 aulem
615 2880 769 2927 ominosum
808 2875 882 2923 aeuo
902 2876 986 2923 mittis
1006 2879 1058 2925 eet.
1080 2899 1111 2910 -
1130 2871 1252 2946 uadibus]
1279 2877 1332 2925 Vos
1398 2895 1399 2898 ¹

247 2959 273 3005 et
287 2955 572 3006 infaustumessesine
585 2956 685 3018 duplici
699 2962 768 3018 part.
809 2953 836 3001 in
854 2965 883 3002 re
904 2952 1024 3003 iudiciali
1042 2958 1083 3003 est
1101 2954 1138 3013 is,
1158 2956 1202 3018 qut
1219 2968 1271 3015 pro
1292 2954 1332 3002 ol·
1398 2999 1399 3022 ,

247 3031 409 3087 disiunctivu
438 3034 503 3083 dicit
532 3034 688 3092 Bentleius,
725 3033 768 3092 id,
809 3037 864 3093 tero
883 3032 1063 3080 uadimonium
1081 3034 1217 3094 promittit
1234 3029 1332 3094 (Varro
1398 3051 1399 3058 ι

246 3115 327 3174 puto,
347 3111 553 3161 satisaverlitur
572 3112 661 3160 statim
683 3112 771 3160 suble·
809 3108 839 3158 L.
861 3109 891 3157 L.
912 3109 943 3169 6,
966 3107 1027 3173 rt.)
1055 3111 1160 3167 idest,
1190 3112 1237 3174 qui
1258 3110 1333 3172 apud
1398 3153 1399 3170 2

247 3190 296 3239 ctis
316 3203 360 3240 nv.
389 3195 437 3236 aut
457 3190 570 3237 victoria
591 3190 671 3238 loeta.
715 3189 770 3240 Nec
810 3192 962 3250 praetorem
980 3191 1110 3250 spondet,
1130 3202 1206 3238 reum
1220 3174 1334 3237 in'iudi·
1398 3203 1399 3206 ¹

248 3279 312 3318 vero
326 3266 478 3328 comparari
489 3267 604 3316 debebat
613 3267 710 3317 Catuli.
724 3268 769 3324 ot,
809 3267 881 3314 cium
904 3267 976 3325 sisti;
997 3270 1069 3330 quod
1091 3268 1119 3316 ni
1138 3266 1198 3326 liat,
1226 3262 1334 3317 lore'ut
1398 3295 1399 3304 ι

247 3345 312 3396 102:
333 3343 503 3394 Autmortem
520 3351 650 3407 oppeteret
664 3347 771 3395 Theseus
809 3345 867 3407 ipse
888 3345 943 3393 litis
963 3346 1178 3394 aestimationem
1201 3343 1332 3406 sufferat,

247 3431 295 3473 aut
318 3425 439 3486 proemio
463 3423 559 3472 luteolis.
605 3425 684 3473 lland
709 3425 728 3475 Ι.
750 3425 770 3473 1.
811 3420 851 3486 (ut
868 3425 905 3472 alt
923 3423 1006 3473 Gaius
1024 3425 1050 3484 d,
1067 3425 1102 3474 75
1119 3431 1146 3474 et
1162 3419 1219 3488 89.)
1240 3425 1334 3472 llusti-
1398 3441 1399 3444 ¹

248 3501 354 3552 confert
362 3502 419 3551 Liv.
434 3502 478 3561 21,
492 3502 527 3550 13
539 3516 546 3550 s
566 3503 606 3552 bie
619 3504 771 3552 uincendum
809 3517 894 3552 canus
904 3504 1042 3552 Romanus
1054 3503 1144 3564 igitur,
1165 3503 1263 3553 invitus
1273 3502 1333 3565 qui·

248 3585 296 3630 cut
312 3581 492 3639 moriendum,
512 3581 624 3638 milites,
649 3589 699 3638 est,
727 3583 772 3630 ubi
809 3583 890 3641 dem,
919 3582 966 3630 sed
991 3595 1026 3629 ne
1046 3581 1202 3630 vadimonio
1224 3583 1332 3630 deserto

243 3659 360 3722 primum
370 3659 438 3706 besti
449 3661 606 3709 occurristis.
630 3661 769 3711 Demosth.
793 3661 884 3716 ¹litem
904 3661 1027 3718 amittat,
1047 3659 1075 3706 in
1096 3659 1196 3708 Urbem
1218 3674 1247 3710 se
1267 3673 1335 3710 con·

247 3737 324 3800 Lept.
339 3737 388 3786 68:
408 3731 483 3808 ὑπὲρ
495 3730 535 3788 ὦν
548 3739 683 3810 Χαβρίας
695 3735 770 3809 ᾤετο
806 3739 879 3788 terre
900 3744 1024 3798 coactus,
1053 3739 1111 3787 eius
1133 3738 1235 3788 incolas
1260 3738 1331 3800 alta,

182 3869 192 3886 ι
247 3812 308 3866 δεῖν
324 3809 525 3881 ἀποθνήσκειν
540 3812 563 3884 ἦ
577 3818 671 3887 eunde.
809 3825 837 3868 ut
864 3818 951 3879 solent
976 3818 1083 3879 rustici,
1110 3831 1177 3870 voce
1201 3819 1246 3870 vel
1269 3819 1332 3874 ideo

282 3893 389 3943 9-12.
426 3895 491 3942 iuris
509 3896 639 3959 lepramque
653 3893 769 3958 peritus]
808 3897 902 3946 felices
933 3896 1089 3971 praedicat,
1121 3897 1192 3959 quod
1223 3901 1333 3959 praeter

247 3971 308 4023 Non
326 3972 422 4036 lepibus
436 3974 573 4024 dumtaxat
590 3977 631 4024 tus
650 3977 771 4024 eontine-
809 3976 892 4024 multa
906 3975 959 4024 alia
972 3975 1042 4024 vilae
1055 3977 1154 4037 gaudia
1164 3975 1245 4037 longo
1258 3988 1341 4024 com·-

247 4054 305 4111 tur,
328 4051 473 4100 sedetiam
491 4058 602 4102 senatus
624 4053 768 4112 consultis,
808 4055 914 4103 modius
925 4054 1041 4114 negotiis
1055 4054 1208 4104 forensibus
1218 4067 1332 4116 operam

248 4129 342 4180 edictis
369 4130 592 4207 magistratuum,
632 4131 770 4194 responsis
808 4145 908 4186 narare
927 4133 1049 4197 possint,
1069 4134 1127 4198 ipse
1145 4147 1208 4184 cum
1225 4137 1334 4199 propte-
