2888 4810
483 304 488 308 ’
518 335 583 382 ιιι.
605 337 640 380 ιι.
682 331 787 382 uniar.
810 333 844 379 u.

134 513 258 580 'libore
280 514 336 579 vel
360 513 477 580 Gabiis
499 516 532 577 et
556 511 671 578 tecum
685 513 734 578 sic
757 515 854 599 egat:
877 511 941 577 ilie
964 514 999 575 et
1096 569 1101 576 .

132 634 306 701 Candidus
327 639 361 699 et
384 635 472 700 tulos
493 654 514 700 a
536 637 663 700 vertice
686 634 825 718 pulcher
847 631 889 697 tul
913 635 1013 717 imos,

132 757 209 822 ittet
232 758 362 842 eritque
385 760 462 821 tuus
485 741 685 820 nummorum
709 757 838 821 milibus
861 760 954 828 octo,

132 879 249 944 Verba
272 880 461 943 ministeriis
483 877 525 942 ad
549 880 648 942 rtuttrs
670 881 769 962 uptus
789 877 932 957 beriles,

131 983 309 1066 litterulis
330 1000 470 1067 Graecis
492 1002 651 1085 imbutus,
674 999 813 1063 idoneus
835 1002 900 1063 arti

132 1119 294 1209 Cuilibet3
318 1123 438 1212 argilla
461 1121 593 1207 quidvis
617 1117 796 1186 imitaberis
818 1120 900 1200 ude,

184 1318 207 1366 l.
245 1317 352 1381 lipll.
391 1313 429 1380 (v.
448 1317 475 1367 5.
496 1317 603 1367 liabent
621 1315 725 1366 milibus
745 1314 818 1379 bSo.)
868 1317 1097 1370 emortuam.
1144 1333 1170 1368 r.
1191 1317 1218 1368 8.

130 1389 235 1450 quidvis
254 1401 389 1451 supernae.
410 1389 479 1451 quod
498 1388 523 1436 b.
546 1386 614 1437 ibid.
633 1383 793 1450 imitaberis]
818 1387 878 1436 bSe.
899 1388 1049 1437 imitabitur
1067 1389 1126 1444 Μ..
1147 1389 1218 1452 quod

130 1471 269 1522 supersor.
290 1463 330 1508 est
349 1459 377 1509 iu
396 1459 422 1507 b.
979 1461 984 1468 '

172 1565 209 1614 ll.
247 1566 297 1628 lip.
319 1565 354 1614 ll.
393 1580 418 1616 r.
438 1564 466 1614 8.
485 1565 635 1616 imitabitur
654 1565 702 1615 FS.

66 1706 67 1709 ’
129 1703 225 1769 nutus]
257 1704 314 1756 Cio.
340 1704 415 1755 Orat.
440 1705 474 1756 8:
505 1707 542 1755 ad
569 1719 656 1755 eorum
695 1705 834 1756 Samnites.
854 1706 910 1756 Cir.
931 1706 998 1769 Epp.
1019 1706 1044 1767 i,
1063 1707 1089 1764 2,
1110 1701 1167 1767 28.)
1188 1729 1218 1741 -

130 1775 272 1834 arbitrium
296 1789 321 1834 et
344 1790 455 1834 nutum
477 1789 549 1833 totos
566 1796 592 1834 ta
609 1775 664 1848 fin?
695 1785 821 1835 Praelero
846 1791 936 1835 autem
959 1785 1130 1836 leol.'Cadd.
1151 1785 1220 1834 auti·

129 1869 206 1928 punt.
245 1863 374 1925 esinguta
394 1863 542 1912 berilussa
562 1863 656 1912 celeri·
696 1866 779 1927 qrriss.
807 1871 833 1915 et
856 1867 1019 1928 optimorum
1043 1865 1170 1914 Blandiu.
1192 1869 1220 1914 et

128 1948 172 1992 ter
190 1957 224 1992 ua
242 1943 333 1993 dextre
353 1949 544 2006 exsequetur.»
696 1943 1024 2008 meorum‘Pottieriique,
1046 1949 1074 1993 ut
1093 1945 1220 2003 videtur,

165 2023 192 2073 ’1.
212 2024 239 2073 8.
277 2021 421 2086 litterulis]
439 2024 561 2073 «Litteris
575 2023 656 2072 Grae·
695 2025 831 2081 omnium:
847 2025 947 2073 etenim
962 2037 1024 2072 oum
1037 2023 1140 2073 librarii
1155 2035 1221 2071 non·

130 2103 169 2151 cis
193 2103 288 2152 saltem
308 2103 403 2152 leviter
422 2104 537 2162 tinctus,
565 2107 656 2166 utpote
695 2102 868 2152 nulli'veram
883 2103 1109 2164 significationem
1124 2117 1149 2152 v.
1163 2101 1221 2151 imi·

130 2182 178 2244 qui
199 2182 228 2230 in
247 2181 336 2232 divitis
355 2183 471 2232 alieuius
490 2182 656 2246 paedagogio
695 2181 791 2229 taberti
811 2178 953 2243 (attinges,
983 2181 1159 2244 exprimens
1191 2183 1221 2230 ut

129 2262 261 2310 educatus
279 2261 322 2311 sit.
361 2261 446 2323 igitur
458 2275 491 2310 eo
504 2263 541 2310 uti
556 2261 656 2324 potoris
692 2257 848 2324 nuntiabat
859 2269 867 2284 ·
875 2258 887 2322 l
907 2273 1002 2322 parurn
1024 2257 1219 2322 intelligerent,

131 2347 364 2404 proanugnosta,
386 2343 433 2404 pio
452 2355 529 2391 servo
548 2343 581 2391 ab
601 2341 656 2403 epi·
694 2339 726 2387 ud
743 2352 857 2401 puerum
872 2339 1065 2388 transferentes
1082 2343 1221 2388 mutarunt

133 2421 229 2479 stolis,
249 2421 468 2471 abibliotbeea.u
485 2447 515 2456 -
529 2417 656 2480 imbutus]
695 2418 722 2466 in
743 2417 905 2478 imitabitur,
927 2418 1024 2476 idest,
1046 2419 1151 2467 «bonus
1169 2419 1221 2468 erit

129 2499 188 2550 Cio.
208 2499 288 2551 Tusa.
311 2501 335 2560 1,
356 2500 390 2550 7:
411 2505 451 2549 Au
469 2505 498 2549 tu
515 2499 656 2549 dialecticis
695 2496 821 2558 figulus.»
841 2495 896 2546 Cir.
911 2497 944 2546 Α.
958 2495 988 2546 Ρ.
1004 2497 1047 2546 33.
1079 2496 1131 2546 Sed
1148 2497 1219 2546 baud

128 2594 162 2628 ue
179 2579 325 2629 imbutus
343 2579 444 2642 quidem
460 2579 509 2628 ea?
528 2580 602 2628 Suet.
622 2578 656 2628 de
695 2577 775 2624 nimis
794 2575 933 2638 probabile
953 2579 1012 2636 eat,
1039 2576 1164 2626 bomiuet
1183 2576 1221 2625 lo-

130 2657 252 2709 Grumm.
269 2651 296 2708 1.
317 2653 393 2720 dpttt'i
407 2659 535 2714 maiores,
556 2661 595 2707 ait
609 2659 656 2707 Or·
695 2651 814 2717 cupletes
834 2653 911 2705 'inter
932 2655 1065 2704 inmitium
1087 2656 1220 2705 urbanam

128 2739 219 2799 bilius,
240 2751 297 2787 eum
314 2737 419 2802 familia
437 2737 546 2786 alicuius
558 2738 657 2787 venalia
697 2731 825 2784 babuisse
840 2735 921 2784 etium
934 2735 1046 2797 figulost
1069 2749 1131 2784 nam
1151 2747 1220 2798 quae

127 2817 336 2880 promitteretur,
367 2829 421 2864 nau
457 2823 550 2866 temere
582 2831 656 2881 quem
695 2816 729 2864 ad
746 2829 827 2864 omne
848 2813 1220 2878 opusdgliuum'aodoliare

131 2897 322 2946 litteratum
340 2894 552 2953 tu'tttulo„aed
570 2895 655 2946 litte·
690 2895 887 2956 pertinebant,
918 2909 1002 2956 rasa,
1033 2896 1141 2958 patinae
1167 2901 1219 2945 cel.

129 2973 655 3038 ratoremiuser·ibiaolitumeaae,t1uast
694 2975 775 3035 longe
796 2973 901 3024 minore
923 2981 1053 3038 apparatu
1071 2980 1097 3025 et
1114 2975 1222 3038 dispen-

128 3069 184 3104 uou
208 3053 374 3122 perfunctum
396 3053 505 3112 litteris,
532 3055 576 3102 aed
598 3056 655 3102 tm·
694 3054 738 3102 dio
760 3054 793 3100 ab
815 3053 956 3115 opificibus
977 3059 1003 3102 et
1025 3055 1221 3104 mercatoribus

129 3133 250 3183 butum.
271 3131 327 3181 Cic.
348 3131 380 3181 ud
400 3133 453 3181 Ati.
474 3131 500 3191 7,
520 3131 553 3181 2:
577 3133 656 3195 cury-
694 3133 873 3191 emebantur;
900 3145 950 3182 nee
969 3137 1032 3194 pulo
1055 3133 1155 3183 babere
1173 3147 1221 3184 so-

129 3217 235 3276 rippum
263 3207 405 3275 (servum)
432 3217 542 3274 propter
563 3213 655 3261 ttttt-
693 3209 755 3259 litos
778 3223 837 3260 esse
858 3207 1092 3276 yomenidorug,
1125 3213 1158 3261 ad
1178 3225 1220 3262 or·

130 3293 277 3342 rutarum
295 3293 379 3340 neseio
398 3290 461 3355 quid
480 3290 589 3340 libenter
599 3289 656 3338 uidi
695 3293 822 3339 tramenta
836 3289 881 3337 illa
896 3289 1043 3348 atriorum,
1065 3303 1131 3352 quoa
1145 3296 1221 3355 typos

131 3375 183 3421 eet.
206 3393 236 3406 -
256 3370 372 3434 orpilla]
397 3368 478 3430 «Vel,
505 3371 530 3418 si
540 3367 654 3424 'mavia‚
695 3371 836 3428 vocabunt,
849 3383 880 3418 ae
891 3369 989 3418 similia
1003 3383 1085 3434 opera
1096 3385 1127 3420 er
1137 3384 1220 3434 gypso

123 3453 177 3499 tuo
196 3451 326 3500 arbitratu
348 3449 451 3498 destina
468 3449 656 3498 eumauiali·
694 3449 737 3500 vel
763 3449 859 3511 argilla
887 3445 984 3509 (stuceo
1007 3461 1020 3498 a
1044 3454 1117 3498 terra
1137 3449 1221 3513 cotta)

130 3528 194 3585 cui:
215 3529 390 3591 quidcunque
408 3529 455 3577 tibi
478 3528 604 3592 placebit,
625 3540 655 3577 eu
695 3527 882 3578 conficienda:
913 3527 979 3576 bueo
1009 3541 1117 3592 quoque
1148 3531 1221 3579 enim

131 3621 164 3657 eo
187 3608 273 3656 iacies
293 3612 374 3670 atque
399 3619 462 3656 eum
485 3607 520 3656 ita
547 3619 656 3670 prorsus
695 3607 806 3657 aliunde
827 3608 963 3656 emebant.
985 3607 1041 3658 Cio.
1062 3609 1095 3658 ad
1115 3609 1169 3658 Ait.
1190 3609 1220 3668 1,

130 3685 283 3746 formabis,
315 3692 345 3736 ut
370 3685 469 3748 figulus
500 3698 530 3736 er
561 3685 655 3747 argilla
697 3687 746 3736 to:
775 3687 915 3736 Praetereo
936 3693 1012 3750 typos
1037 3687 1085 3738 tibi
1104 3689 1220 3748 mando,

123 3768 223 3816 'amnia
243 3765 366 3826 confluit,
390 3779 459 3829 quae
478 3759 561 3816 voltu
583 3764 656 3828 (Sae-
696 3778 758 3829 quot
774 3768 805 3816 iu
825 3767 933 3815 tectorio
954 3768 1046 3816 atrioli
1061 3770 1164 3830 possim
1183 3769 1223 3816 iu·

131 3846 242 3910 pissime
264 3851 355 3895 autern
381 3845 527 3909 particulas
550 3859 657 3907 compa·
695 3846 796 3894 eludere
822 3849 847 3894 et
872 3845 993 3908 putealia
1016 3847 1135 3911 tipiliata
1158 3849 1220 3896 duo.

97 3973 101 3982 ,
131 3926 245 3975 rationis
256 3925 290 3974 ab
304 3925 416 3974 lloratio
430 3925 515 3974 omitti
527 3937 656 3987 perquam
695 3923 747 3973 Pro
770 3929 860 3973 nostra
883 3931 973 3974 autem
999 3925 1221 3988 interpretatione

132 4012 226 4054 uotum
243 4009 294 4053 eat.
314 4003 369 4056 Cir.
385 4004 465 4053 buius
479 4003 527 4066 Ep.
549 4018 574 4052 v.
594 4001 655 4060 ⁶28„
695 4002 798 4052 iaciunt
808 4005 889 4052 etiam
900 4003 1056 4066 sequentia:
1071 4004 1138 4053 nibil
1148 4005 1221 4054 enim

132 4083 178 4134 ubi
193 4081 370 4134 Marklandus
384 4085 443 4132 sino
457 4095 536 4131 eatrsa
551 4081 658 4131 volebat
697 4083 782 4144 magis
804 4083 949 4132 ridiculum
963 4085 989 4132 el
1006 4083 1145 4133 Nasidieni
1159 4097 1223 4148 opa-

124 4163 264 4214 'ttebemant
283 4161 359 4227 lupata
375 4169 420 4223 ut,
438 4165 466 4212 el
479 4171 512 4213 ἰ.
531 4160 585 4211 sa:
605 4156 656 4224 (ut)
695 4161 767 4209 aonia
780 4158 847 4223 (Sat.
860 4161 887 4220 i,
902 4161 929 4221 8,
943 4157 1001 4224 72.)
1015 4161 1131 4211 similius
1141 4175 1221 4232 quau,
