2856 4782
480 357 556 406 um.
577 357 600 404 r.
627 320 723 404 'ann'
738 359 771 404 x.

90 495 172 562 Post
194 495 337 560 mediam
359 498 490 561 noctem
511 499 621 576 visus,
643 513 716 562 cum
738 498 864 562 somnia
885 515 985 564 vera:

89 618 127 681 ln
148 616 269 680 silvam
293 634 361 680 non
384 616 477 704 ligna
498 615 590 681 seraa
612 617 762 682 insanius
783 635 823 684 ac
849 618 877 683 ai

87 736 239 823 Magnas
262 735 467 802 Graecorum
489 737 584 801 malls
605 738 745 821 implere
766 740 933 804 catervas.
1131 735 1173 799 35

90 856 259 944 'turgidus
280 856 428 941 Alpinus
449 858 580 944 iugulat
602 855 677 922 dum
699 857 897 946 Memnona,
920 859 1061 945 dumque

89 975 238 1066 Delingit
260 975 371 1040 Rheni
394 977 517 1040 luteum
540 980 657 1064 caput,
677 977 762 1044 haec
784 996 849 1068 ego
871 979 969 1064 ludo,

89 1094 182 1177 Quae
205 1114 315 1180 neque
336 1099 371 1160 in
394 1095 478 1162 aede
499 1101 620 1163 sonent
643 1100 809 1164 certantia
830 1099 939 1165 iudice
961 1100 1088 1187 Tarpa,

139 1261 162 1310 l.
201 1274 229 1311 r.
249 1259 294 1311 33.
322 1261 395 1310 ottae
411 1267 511 1312 noctem
529 1260 557 1312 S.
584 1258 652 1326 (uon
671 1260 726 1327 loe.)
762 1276 789 1317 v.
808 1263 853 1314 38.
881 1267 1012 1316 curantia
1038 1278 1173 1330 numeror.

89 1343 132 1381 nec
150 1337 250 1381 certem
270 1331 298 1380 S.

127 1437 164 1488 ll.
202 1450 231 1489 v.
251 1435 296 1488 37.
315 1435 440 1502 Dtfflnpit
458 1435 490 1487 T.
526 1450 554 1489 r.
575 1436 619 1488 38.
638 1451 684 1488 nec
703 1437 778 1489 LGT.

89 1561 159 1611 lun.
180 1561 210 1621 4,
229 1560 281 1610 dd:
307 1560 433 1610 comino
453 1561 573 1611 Bibaculi
589 1568 615 1612 et
651 1563 678 1619 2,
697 1563 745 1612 52:
775 1563 881 1612 ianuar
901 1563 935 1612 ab
955 1568 1070 1614 extremo
1093 1565 1176 1631 fidvor

91 1639 186 1689 Catulli
207 1640 307 1700 referta
333 1640 494 1688 contumeliis
522 1639 614 1689 Caecu-
651 1640 777 1703 Aquilone
794 1639 888 1690 Sueuos
901 1641 1176 1694 Aldieettndomitum

89 1731 145 1766 rum
159 1717 293 1780 lapuntur.
317 1717 399 1778 Quid,
419 1718 441 1766 ai
458 1717 540 1766 etiam
555 1731 614 1781 pro·
653 1719 832 1780 Ricaiccpat.
852 1717 1043 1782 ndidemque,
1054 1721 1086 1770 ad
1100 1721 1171 1784 quod

90 1800 147 1857 pter
169 1795 242 1843 hanc
266 1793 437 1844 dicacitatem
461 1809 524 1845 cum
551 1809 613 1844 cum
652 1796 766 1846 inclinat
791 1797 916 1857 animur,
944 1797 977 1847 de
995 1799 1082 1848 libeni
1109 1799 1187 1864 tigu-v

91 1871 194 1924 Catullo
212 1872 322 1922 vellicat
342 1874 444 1936 po'dtat
470 1873 613 1923 Praeterea
652 1888 682 1925 ra
704 1876 731 1924 iu
748 1875 886 1939 triumpho
907 1881 1026 1938 portate,
1047 1876 1175 1939 capillitio

91 1955 279 2014 composuerat
293 1950 498 2014 Aethiopidem,
519 1951 547 2001 in
561 1965 613 2014 qua
652 1953 736 2014 davo,
757 1953 844 2015 gentis
866 1967 931 2003 suae
953 1955 1058 2014 coloro;
1086 1961 1116 2005 ut
1135 1961 1176 2007 est

90 2030 259 2088 Memnonia,
297 2029 407 2078 Tithoni
437 2036 464 2080 et
491 2028 614 2080 Aurorae
652 2031 730 2083 ovid.
754 2032 1177 2098 exPontot.3,107:s‹1cult·

90 2106 137 2156 tllii
157 2109 192 2156 ab
210 2107 318 2156 Achille
338 2108 490 2170 interiecti,
510 2110 614 2171 primae
652 2112 700 2159 duc
722 2111 850 2159 immineas
873 2113 961 2176 [ructo
978 2112 1024 2161 aab
1048 2114 1177 2162 amandino

91 2191 167 2236 erant
194 2191 296 2250 partes.
344 2185 494 2253 «Διλόγως
523 2193 613 2237 autem
652 2191 734 2238 crim
751 2189 852 2238 Menae
877 2196 902 2238 et
916 2189 1027 2254 insector
1050 2192 1176 2254 scapum

90 2265 208 2329 inputat:
228 2266 266 2314 ita
284 2279 404 2327 pugnam
422 2265 613 2326 illam'narrat‚
649 2273 740 2331 portet
754 2281 847 2330 aquae.
885 2267 1020 2318 Attributo
1043 2273 1116 2317 certe
1136 2267 1175 2317 lu·

89 2348 117 2392 ut
141 2342 241 2392 iterum
261 2344 385 2393 videatur
408 2343 554 2394 Memnona
576 2345 615 2392 iu·
653 2347 688 2395 tei
705 2345 762 2408 ipse
780 2346 877 2395 Furius
891 2359 956 2396 uana
969 2352 1041 2406 erat,
1061 2359 1176 2410 quapro-

90 2421 183 2484 gulare
212 2422 269 2470 auia
290 2421 484 2496 carminibus.»
520 2422 612 2474 Corin.
652 2424 752 2487 pterh.
770 2423 790 2471 1.
804 2423 916 2474 ridetur.
936 2425 1052 2489 Definpo't
1067 2429 1174 2473 autema

90 2501 173 2560 Caro.
212 2502 289 2551 ldem
314 2497 517 2572 πραγμάτειαν
546 2501 612 2552 belli
655 2515 785 2565 «operose
810 2506 837 2551 et
865 2499 1034 2566 κακοζήλως
1060 2500 1174 2561 format,

91 2579 187 2629 Gallici
211 2580 362 2630 acaeeare
375 2580 443 2640 gesti
458 2593 616 2643 compoaue-
653 2579 809 2630 describit.»
850 2575 1070 2642 (deformem.)
1118 2578 1174 2628 Cir.

89 2664 143 2718 rat,
171 2659 199 2708 in
218 2672 272 2722 qua
288 2659 430 2720 legebatur
448 2670 542 2709 vernus
569 2657 614 2707 ille
653 2659 792 2710 Weichert
809 2659 843 2707 da
859 2657 896 2708 M.
910 2657 991 2706 Furio
1004 2657 1134 2706 Bibaculo
1147 2657 1177 2707 in

90 2737 238 2786 ridiculus:
270 2737 525 2800 luppiter-literam
548 2751 615 2786 caan
653 2737 728 2787 Puer.
747 2737 805 2786 Lat.
829 2750 856 2799 p.
870 2735 915 2785 33.
952 2735 1077 2785 Ceterum
1093 2737 1178 2798 probe

89 2818 147 2866 nive
156 2817 276 2878 occupati
288 2817 365 2877 ,tipo
385 2811 450 2880 (Sat.
465 2817 491 2877 2,
506 2815 532 2876 5,
543 2811 612 2878 13),
654 2817 803 2866 notandum
823 2819 928 2865 certum
949 2816 1000 2864 hoc
1024 2815 1177 2878 exemplum

90 2900 201 2956 propter
214 2909 295 2958 quem
306 2895 395 2957 iprum
408 2895 502 2946 festive
512 2895 557 2944 hic
570 2908 615 2944 vo·
654 2894 772 2944 nominis
793 2893 863 2953 fleti,
887 2906 939 2956 quo
960 2894 1043 2943 homo
1061 2897 1126 2942 tunc
1139 2893 1178 2943 rt·

91 2979 168 3022 eatur
189 2972 316 3035 Alpinas,
337 2975 393 3023 der
416 2972 615 3036 Alpaada'cl·
653 2985 720 3024 rens
749 2973 920 3034 designetur:
960 2972 1038 3022 cuiue
1068 2972 1177 3034 generis

91 3057 152 3100 ter.
189 3051 222 3100 ln
244 3052 340 3102 eadem
353 3053 538 3124 πραγματείᾳ
559 3057 617 3101 erat
654 3064 738 3100 unum
749 3054 776 3099 et
792 3051 909 3098 alterum
922 3050 1015 3099 itidem
1030 3050 1058 3098 in
1072 3051 1113 3100 hie
1128 3050 1175 3100 Sa-

91 3129 197 3192 turgida
222 3130 368 3192 descriptio
396 3132 491 3192 capitia
516 3124 614 3187 lilae'm',
654 3129 712 3178 tirio
726 3133 899 3191 easepotoat,
920 3129 1178 3189 itatamencompa·

91 3221 161 3271 quae
178 3221 223 3258 vv.
251 3208 386 3270 triplicem
412 3207 555 3257 admittunt
577 3208 617 3256 in·
654 3213 757 3267 ratum,
778 3212 808 3256 ut
827 3207 915 3269 quiris
934 3207 981 3256 illo
1001 3211 1123 3268 tempore
1139 3205 1178 3256 ia-

91 3285 323 3349 terpretationem.
361 3285 487 3348 Plerique
508 3291 617 3348 propter
655 3286 706 3336 cile
733 3291 909 3347 agnosceret,
937 3297 1018 3348 quem
1043 3289 1177 3346 notasset,

91 3363 200 3426 Alpium
219 3365 387 3413 mentionem
404 3365 526 3426 proxime
540 3377 616 3427 prae·
655 3366 711 3414 aive
722 3369 932 3425 cognomentum
942 3367 1000 3412 erat
1008 3363 1041 3411 ab
1051 3362 1112 3410 eliis
1123 3363 1178 3411 iam

92 3444 252 3502 cedentem,
285 3443 442 3504 intelligunt
467 3443 500 3492 da
526 3441 615 3503 tonte,
655 3444 795 3493 inventum
808 3447 888 3504 atque
902 3441 1046 3500 usitatum,
1073 3440 1176 3490 sirealo

93 3522 138 3584 qui
160 3522 271 3584 quidem
288 3527 352 3571 ante
370 3522 492 3570 Raetiam
510 3526 615 3584 captam
655 3520 767 3570 Horatio
787 3519 846 3582 ipso
866 3519 971 3568 homini
993 3518 1082 3567 deriso
1108 3517 1178 3568 iudi·

93 3599 247 3660 incognitus
264 3604 322 3649 erat
337 3600 481 3658 Romanis,
511 3599 558 3648 aed
579 3603 617 3648 ta·
655 3605 722 3649 tum.
742 3597 797 3649 Cir.
811 3597 845 3647 ad
858 3598 913 3648 Sat.
928 3599 953 3657 1,
967 3597 994 3657 2,
1008 3595 1054 3646 25.

97 3691 159 3726 men
177 3679 348 3741 φαντασίας
360 3692 411 3740 ope
424 3678 542 3729 describi
560 3681 617 3740 pot·
689 3677 734 3727 38.
754 3677 797 3727 39.
811 3699 816 3709 β
830 3673 906 3738 lado]
928 3676 1061 3726 «Missum
1074 3675 1177 3726 iaciens

93 3761 157 3805 erat.
190 3755 263 3805 Fleri
279 3761 371 3806 tamen
392 3761 492 3819 potest,
511 3760 541 3805 ut
558 3769 618 3806 ver·
655 3759 750 3818 podma
776 3756 918 3806 heroicum
943 3755 1176 3816 citragonium,

92 3833 177 3883 riculo
190 3834 239 3884 illo
248 3837 436 3885 tantummodo
444 3835 563 3884 hiemem
573 3834 618 3882 de·
656 3847 805 3890 aermouer,
825 3834 960 3884 ludicrum
977 3833 1067 3896 podria
1081 3845 1177 3895 genus,

93 3913 214 3975 signarit,
233 3927 291 3962 non
304 3913 469 3975 erepatiatue
482 3912 516 3962 sit
531 3914 560 3962 in
572 3910 619 3960 Al·
656 3913 833 3975 egoexcolom
846 3938 875 3948 -
885 3915 913 3980 tn
922 3909 995 3974 cede]
1010 3911 1145 3973 intemplo
1154 3925 1177 3961 s.

92 3993 187 4054 pertrts
213 3996 315 4042 tractus
340 3990 535 4042 τοποθεσὶανι
567 4002 619 4039 uec
657 3991 758 4040 sacello
771 3990 863 4054 aliquo
876 3991 1026 4047 Musarum,
1042 3991 1177 4039 utdicuut

91 4084 155 4122 rero
177 4067 246 4122 lutei
272 4074 337 4122 aunt
355 4069 498 4121 fluminum
519 4069 617 4119 iontea.
657 4069 833 4120 Scholiastae.
857 4070 946 4120 Aedes
961 4073 1034 4120 certe
1043 4066 1179 4129 Apollinis

93 4147 145 4200 Alii
164 4151 198 4201 de
219 4151 305 4211 ontio,
325 4153 357 4198 'ut
374 4153 415 4200 ert
432 4150 502 4214 apud
516 4147 618 4198 Lucan.
656 4147 771 4199 Palatini
781 4151 838 4198 tum
846 4147 967 4199 noudum
976 4146 1098 4196 dedicata
1111 4149 1176 4204 erat.
