2842 4808
264 307 346 380 620
737 328 879 376 nonanis

265 472 315 537 At
337 471 443 536 vestri
466 471 584 556 proavi
607 469 782 534 Plautinos
795 472 839 534 et
861 485 1015 533 numeros
1036 470 1072 532 et
1278 465 1330 525 tto
1396 527 1397 532 ,

263 592 463 658 Lendavere
486 593 591 658 setes:
613 592 743 655 nimium
767 591 936 674 patienter
955 592 1139 674 utrumque,

262 714 315 780 Ne
336 714 442 780 dicam
466 715 586 800 stulte,
607 714 732 798 mirati,
753 710 902 776 simodo
925 729 990 798 ego
1013 713 1049 776 et
1069 729 1133 776 vos

264 831 400 904 Scimus·
418 835 615 901 inurbanum
635 832 748 919 lepido
770 851 936 918 seponere
958 831 1061 918 dicto,

315 1003 338 1053 1.
377 997 415 1066 (v.
443 1001 505 1052 ero.
532 1001 641 1051 nauem
667 969 894 1063 verrucosus.)
943 1014 970 1051 v.
997 999 1059 1050 ere.
1085 1001 1190 1052 merare
1214 1001 1285 1052 0000
1306 1003 1331 1050 u.

264 1089 291 1126 r.
310 1073 374 1123 273.
393 1073 549 1134 repondere
567 1073 597 1122 B.
704 1105 707 1112 .

303 1157 340 1206 11.
377 1170 404 1208 t.
423 1155 486 1205 270.
505 1154 540 1204 At
557 1157 642 1204 nostri
661 1154 691 1204 G.
713 1149 768 1218 (Sic
787 1153 853 1203 Cod.
873 1154 955 1203 Bere.
975 1153 1038 1204 508.
1058 1153 1176 1228 Schelle.
1196 1151 1281 1219 Voss.)

298 1240 344 1290 lV.
381 1254 408 1290 v.
419 1240 482 1289 272.
493 1239 644 1289 Norsdiccm
650 1237 733 1288 Codd.
743 1237 808 1300 aliq.
817 1237 955 1288 Sanadou.
975 1251 1001 1290 0.
1012 1237 1074 1288 273.
1088 1237 1331 1298 000000001010000.

264 1383 441 1446 popularibus
462 1383 546 1432 licere
577 1381 661 1446 probe
687 1382 788 1446 perspi·
825 1382 1030 1441 westminstre,
1062 1383 1107 1446 qus·
1131 1383 1222 1432 docent
1245 1390 1332 1442 osten,

265 1463 354 1512 ciebat
371 1461 511 1512 Horatius.
826 1461 918 1510 sotent.
942 1487 972 1497 -
992 1461 1110 1512 Multum
1137 1469 1227 1513 eutem
1247 1463 1334 1512 disere·

302 1541 354 1590 270
373 1563 406 1589 -.
425 1539 488 1589 273.
504 1535 571 1600 dt]
602 1537 649 1588 Est
672 1537 788 1588 obiectio
827 1543 881 1602 pat,
901 1552 936 1588 ue
955 1539 1043 1589 dicam
1062 1541 1169 1591 Sidonii
1183 1541 1333 1606 Apollinaris

265 1625 339 1668 arcte
361 1619 507 1669 coniuncte
528 1631 591 1667 cum
612 1618 789 1680 responsione
827 1624 920 1667 uotum
950 1618 1017 1667 iilud
1044 1620 1096 1680 23,
1125 1621 1195 1670 tes:
1234 1621 1332 1676 Graios,

264 1699 375 1747 nimium
389 1700 526 1760 patienter
551 1701 602 1746 cet.
633 1697 726 1757 «Ab»
749 1698 789 1746 iu·
826 1697 936 1752 Ptoute,
955 1698 1128 1762 suteslepore
1142 1701 1253 1760 0000000,
1269 1699 1334 1750 Cice

263 1776 330 1838 quit,
352 1777 486 1826 «maiores
504 1776 595 1838 magui
608 1775 697 1826 iecere
710 1776 789 1826 Pleu·
826 1777 900 1830 renis
918 1778 951 1826 de
964 1777 1060 1828 Pinnio
1080 1779 1211 1829 iudicium
1225 1779 1296 1829 onie.
1311 1780 1332 1838 i,

264 1860 352 1905 tumst
373 1856 515 1919 «Utique»
535 1856 682 1920 respondet
698 1857 786 1920 potte,
825 1855 877 1906 29:
896 1855 1002 1918 Duptec
1013 1859 1120 1906 0000000
1137 1866 1176 1909 est
1192 1859 1291 1909 totondi
1300 1870 1333 1921 pe

262 1934 327 1983 «sed
357 1941 467 1997 propter
495 1935 546 1984 boc
579 1936 684 1998 ipsum,
715 1935 787 2006 quod
825 1947 888 1984 nus:
917 1949 997 1984 unetos
1018 1937 1235 1987 ttttoerate--
1250 1938 1334 1986 000000-

262 2013 427 2076 exemptarts
449 2012 561 2063 Graeca·
574 2027 630 2062 non
652 2013 716 2063 satis
740 2027 800 2064 nov
825 2024 906 2070 000ος
925 2013 1038 2064 atterum
1061 2015 1181 2080 elopem,
1208 2017 1332 2068 urbanum.

261 2096 323 2141 0000
343 2098 433 2155 neque
456 2091 582 2142 eximiam
608 2085 706 2142 borum
727 2107 787 2156 per·
824 2093 1000 2155 inpostorum,
1024 2094 1158 2157 sumtum,-
1188 2109 1238 2159 quo
1257 2106 1335 2159 perere

261 2171 410 2222 sectionem
432 2177 644 2236 perspexerant,
675 2185 788 2237 praepo·
824 2183 878 2220 noo
889 2171 968 2220 mode
983 2173 1095 2222 Plautus
1111 2181 1202 2224 noster
1215 2181 1239 2224 et
1249 2174 1334 2224 Attico

261 2255 334 2300 00000
350 2251 510 2301 inclinarunt
525 2252 558 2300 de
572 2250 661 2302 Plauti
682 2257 710 2302 et
728 2265 787 2304 000-
823 2261 885 2298 0000
900 2251 1012 2314 catione
1033 2255 1186 2314 comoedia,
1209 2255 1251 2303 sed
1267 2254 1334 2302 etiem

262 2329 338 2378 sibus
368 2335 396 2379 et
421 2330 555 2380 00000000.»
578 2355 612 2364 -
639 2329 673 2380 At
690 2327 784 2392 000000]
823 2327 1037 2390 pbilosophorum
1064 2330 1259 2382 Socraticorum
1284 2331 1335 2380 tite·

181 2406 185 2416 '
261 2408 435 2460 10000Ιο0000
455 2408 632 2472 praeferenda
649 2413 689 2458 est
707 2409 786 2459 nitori
823 2407 915 2467 referti
938 2415 1009 2458 sent.
1049 2409 1109 2472 Qua
1132 2411 1243 2474 quidem
1263 2410 1289 2460 iu
1309 2420 1334 2457 re

261 2487 296 2536 At
315 2489 411 2544 000000,
433 2488 531 2550 partim
553 2488 617 2550 quia
639 2487 702 2536 buic
723 2489 786 2550 pot·
824 2484 938 2534 minime
961 2487 1179 2540 obliviscendum
1205 2494 1245 2540 est
1262 2490 1334 2538 Hora

261 2565 328 2615 mati
345 2565 530 2622 0000000000,
562 2567 719 2630 ubicunqne
740 2580 786 2630 po·
823 2563 890 2612 tium
900 2563 1069 2617 cumPIsuto
1081 2568 1334 2632 sempereontulisse

261 2648 331 2703 test,
370 2643 501 2708 epistolae
524 2645 627 2695 inducit
656 2645 785 2707 colorem,
824 2644 916 2705 poitas
944 2647 1103 2696 comoediae
1123 2662 1213 2701 novae
1232 2649 1332 2706 Atticos,
1396 2673 1397 2688 .

262 2723 360 2786 partim
392 2724 455 2786 qnia
484 2725 556 2774 0000
581 2722 665 2772 nimie
687 2737 785 2774 couve-
823 2722 996 2774 undeiacite
1016 2725 1333 2794 000100000000000000Ι
1396 2737 1397 2768 ³

261 2801 364 2861 utebat,
384 2809 413 2852 ut
435 2803 467 2863 is,
488 2804 566 2852 euius
583 2815 650 2853 0000
668 2803 727 2852 siue
740 2817 785 2866 pe·
823 2803 873 2852 tuit
896 2804 1078 2855 urbanitatem
1108 2819 1141 2856 ac
1164 2809 1296 2872 teporem,
1320 2817 1333 2852 0

260 2885 301 2928 000
323 2879 425 2940 iuerat,
442 2892 558 2942 proauos
576 2895 638 2930 suos
653 2886 783 2944 creperet.
823 2881 964 2943 Cicerone,
978 2885 1025 2946 qui
1044 2885 1102 2948 ipse
1114 2887 1149 2936 00
1164 2887 1234 2937 dicta
1247 2886 1333 2936 iacien-

261 2982 292 2994 -
320 2954 496 3020 0000000000]
525 2960 570 3007 nsi
600 2960 682 3011 modo
713 2961 784 3010 dicte
822 2960 856 3010 00
883 2955 1123 3026 proponentem,
1144 2965 1267 3016 Plautum
1284 2975 1333 3026 spc-

260 3035 386 3086 scurrilia
399 3049 431 3086 sc
444 3036 542 3100 frigida
555 3039 722 3100 distinguere
735 3053 784 3089 uos
823 3044 923 3090 etatum
958 3055 1017 3092 esse
1054 3044 1142 3105 magis
1180 3059 1228 3108 per
1259 3045 1333 3092 semet

230 3143 236 3154 ·
260 3115 362 3164 seimus
380 3129 396 3164 0
415 3129 478 3166 0000
498 3117 596 3180 tepidis
612 3124 638 3168 et
654 3120 782 3178 urbanis3
822 3119 922 3183 ipsum,
942 3135 998 3171 nou
1015 3129 1203 3186 comparatum
1217 3122 1275 3172 cum
1287 3121 1333 3172 bie

232 3216 235 3221 ·
261 3206 344 3257 quam
377 3195 489 3258 quidem
523 3197 665 3246 scientiam
702 3208 783 3247 nemo
823 3200 928 3249 0000οο
948 3207 975 3250 00
995 3199 1166 3252 Pbiiemoue.
1195 3199 1331 3263 10000000

261 3272 383 3336 proiecto
402 3275 480 3324 uobis
499 3275 691 3332 abiudicabit.»
822 3279 856 3327 ed
887 3292 1017 3329 numeros
1047 3281 1215 3330 comicorum
1238 3281 1332 3330 Latino

294 3351 357 3402 270.
385 3351 554 3417 Leptttmum]
585 3355 722 3404 eversum
750 3356 783 3405 ad
823 3372 882 3409 rum
896 3361 1001 3418 attinet,
1022 3361 1108 3422 magis
1122 3361 1204 3410 etiam
1223 3361 1287 3409 mira
1298 3359 1332 3405 est
1396 3363 1397 3374 ¹

250 3425 691 3492 ’0000010000000000000000-
718 3433 784 3498 dipt·
822 3437 999 3500 Quinctiiiaui
1025 3441 1160 3502 sententia
1181 3440 1225 3499 10,
1245 3436 1329 3496 nott:
1389 3453 1397 3496 ,t

260 3505 311 3572 tis]
343 3510 441 3572 quibus
464 3523 520 3560 non
544 3516 598 3560 tam
624 3513 784 3574 simpliciter
824 3517 937 3566 Terentii
948 3518 1115 3579 scripteptus
1124 3519 1209 3568 adbuc
1220 3517 1331 3566 00000000
1396 3535 1397 3566 ;

259 3594 440 3639 numerantur
452 3603 581 3642 versuum
594 3593 686 3654 pedes,
701 3600 783 3655 quem
820 3595 899 3658 fnisse
911 3597 1033 3660 preside,
1053 3597 1076 3644 st
1095 3597 1170 3646 tetre
1187 3607 1271 3646 000000
1290 3593 1331 3643 tri
1396 3651 1397 3660 ¹

258 3667 365 3729 pollicis
392 3668 445 3717 ictu
471 3675 600 3719 notantur
619 3665 734 3742 ἄρσεις,
754 3676 784 3720 ut
820 3679 916 3722 metros
933 3675 1073 3724 stetissent.

258 3745 287 3794 in
311 3747 489 3810 symphoniis,
508 3749 553 3798 000
573 3757 692 3812 tempore
704 3752 783 3800 etiam
855 3751 907 3801 275
921 3753 1019 3802 -277,
1038 3751 1178 3818 imnum]
1198 3753 1265 3816 Quia
1282 3761 1330 3800 ma·
1396 3729 1397 3734 Ἰ

258 3826 347 3874 enimc
363 3828 507 3876 metiuntur
524 3830 658 3890 sepedum
675 3831 783 3894 000000-
820 3831 891 3881 xima
914 3832 1044 3894 epistotae
1075 3847 1137 3897 pars
1160 3837 1280 3885 00000000
1305 3830 1328 3879 in

257 3907 345 3952 torum
365 3905 419 3954 tetes
439 3906 582 3956 interculta
602 3903 711 3974 s't'ppont
726 3909 783 3970 qut-
820 3910 909 3974 potisis
927 3911 1053 3962 scenicae
1073 3913 1239 3976 praeceptis,
1264 3913 1328 3960 recte

257 3982 367 4032 busdam
386 3985 467 4034 00000.
491 3985 622 4046 Quinctil.
641 3987 668 4047 o,
688 3985 715 4045 t,
735 3987 779 4036 51.
819 3989 847 4038 b.
874 3988 894 4038 Ι.
918 4003 960 4040 vr.
985 3991 1086 4042 27ομ
1103 3992 1168 4042 288.
1197 3989 1327 4042 adumbrat

258 4059 440 4112 Terentianus
452 4063 538 4114 22500
556 4077 669 4124 moram,
696 4065 781 4128 Quem
819 4068 959 4118 historiam
987 4071 1143 4132 tragoediae
1174 4075 1204 4121 et
1232 4077 1327 4118 comos

254 4139 360 4201 potttets
390 4154 485 4192 sonore
515 4143 555 4193 oct
580 4144 678 4205 plausu
706 4145 781 4207 pedis
817 4147 879 4197 diae
906 4146 1042 4209 0000000,
1079 4151 1175 4214 quibus
1205 4147 1246 4202 rel
1274 4155 1326 4208 002
