2928 4794
510 335 575 382 Lm.
597 335 618 381 l·
660 335 764 384 uulsa,
785 337 829 382 Vl.

124 475 178 542 Ne
200 475 277 558 plus
299 475 455 539 frumenti
478 471 645 539 dotalibus
667 477 790 539 emetat
812 476 906 560 agris

125 593 247 660 Mutus
270 596 320 672 et,
341 593 528 684 indignum,
552 592 640 680 quod
660 579 706 659 sit
729 595 898 679 peioribus
919 595 1030 677 ortus,

124 716 192 781 Hic
214 716 273 780 tibi
295 716 339 778 sit
361 715 473 799 potius
495 731 591 800 quam
613 719 650 778 iu
672 715 829 780 mirabilis
851 713 907 779 llll.

126 833 295 919 Quidquid
318 837 380 902 sub
402 839 493 900 terra
515 839 586 915 est,
608 837 643 899 in
664 835 811 919 apricum
834 833 984 918 proteret
1007 836 1122 918 aetas,

125 955 288 1021 Delodiet
309 955 497 1041 condetque
521 956 672 1020 nitentia·
715 956 796 1021 Cum
820 956 904 1021 bene
927 959 1040 1018 notum
1168 949 1208 1011 25
1281 1019 1285 1026 ⁸

125 1075 286 1168 Porticus
307 1075 484 1164 Agrippae
505 1079 540 1141 et
561 1077 619 1140 via
641 1079 675 1141 te
697 1077 912 1160 conspexerit
933 1076 1043 1160 Appi,

125 1199 184 1264 Ire
207 1199 317 1261 tamen
338 1200 460 1281 restat,
482 1197 590 1262 Numa
612 1215 677 1282 quo
699 1196 839 1261 devenit
859 1199 893 1260 et
915 1194 1043 1261 Ancus.

181 1410 204 1459 1.
243 1405 281 1472 (v.
300 1409 343 1458 ea.
364 1407 571 1460 uasculorum
586 1403 660 1470 uso.)
697 1422 725 1460 v.
743 1407 788 1457 aa.
807 1405 940 1472 upuppae
957 1407 1002 1456 ua
1020 1407 1063 1456 uo.
1085 1402 1152 1472 paon
1170 1403 1211 1470 s.)
1239 1385 1242 1390 ’

168 1493 205 1542 ΙΙ.
243 1506 271 1543 r.
289 1492 334 1540 22.
353 1492 468 1551 Mucius,
488 1493 624 1555 instipatum
642 1490 718 1542 LCT.
838 1517 842 1523 ·
890 1555 898 1576 ο

156 1575 203 1626 lv.
240 1590 268 1627 r.
287 1575 332 1625 22.
352 1575 442 1626 Motus
459 1580 484 1624 et
502 1570 708 1638 (indipnumlpui
724 1573 760 1623 stt
777 1565 867 1622 Beati.
889 1585 964 1636 susp.

127 1739 196 1788 sime
214 1738 284 1786 haee
299 1737 447 1792 cohaerent
466 1749 528 1785 eum
542 1747 651 1800 praece·
689 1735 794 1791 studio,
822 1734 876 1784 hoe
898 1745 1006 1796 quoque
1031 1733 1120 1783 solent
1145 1734 1213 1802 obli·

127 1815 393 1870 dentibus:‚eteuim
411 1814 545 1875 significat
565 1813 652 1863 homi·
690 1815 756 1864 visci
783 1813 923 1876 plerique,
955 1811 1026 1861 fluxa
1053 1817 1080 1862 et
1109 1813 1213 1863 caduca

127 1909 190 1954 nes,
224 1895 260 1944 de
287 1894 385 1956 quibus
411 1907 496 1942 unum
519 1893 564 1946 hie
588 1891 651 1942 κατ’
689 1893 782 1942 omnia
792 1905 867 1952 esse,
888 1903 957 1955 quae
969 1891 1063 1954 volgus
1077 1904 1126 1953 pro
1139 1905 1212 1940 sum·

45 2014 50 2022 ,
126 1973 282 2044 εἰρωνείαν
298 1972 459 2034 alloquitur,
487 1985 542 2020 nou
561 1971 650 2020 solum
689 1972 742 2021 mis
755 1971 834 2020 bonis
851 1971 941 2020 habet.
979 1970 1066 2033 Atque
1085 1975 1113 2019 ut
1129 1970 1213 2020 eonti-

126 2052 252 2111 araritia,
264 2051 311 2100 sed
320 2052 402 2100 etiam
411 2048 512 2100 invidia
521 2050 651 2100 adversus
690 2063 744 2102 uuo
755 2061 842 2098 novae
855 2048 996 2098 hominum
1006 2053 1108 2098 aetates
1121 2049 1213 2098 orion·

125 2129 320 2194 locupletiores
342 2130 376 2186 ad
394 2128 592 2192 quaesticulum
613 2126 651 2178 la·
689 2135 733 2179 tur
745 2133 773 2177 ot
784 2141 816 2178 ex
829 2133 917 2177 terrae
930 2127 992 2176 sinu
1006 2141 1092 2178 norae
1105 2140 1214 2190 semper

126 2209 257 2258 ciendum
287 2209 408 2259 excitari.
453 2207 524 2256 llicit
553 2207 649 2268 igitur:
689 2221 755 2270 opes
772 2205 947 2265 ellodluntur,
968 2206 1007 2254 sio
1024 2206 1070 2268 qui
1084 2219 1157 2256 uuae
1173 2207 1213 2256 vi·

128 2277 650 2349 »Navitereorripeundiqnepecunias,
689 2291 770 2346 runt,
802 2297 862 2334 mox
879 2284 1019 2343 occident,
1047 2296 1124 2346 quaa
1138 2297 1213 2334 nuno

126 2379 162 2415 ne
176 2365 269 2416 Mutus
289 2364 352 2424 illa,
372 2364 416 2412 oui
435 2363 552 2426 invides,
572 2364 652 2412 ditior
690 2363 835 2428 splendent
853 2366 880 2411 et
898 2360 1042 2422 magnilica
1060 2362 1211 2423 ducuntur,

126 2447 161 2495 sit
183 2450 226 2504 te,
246 2455 310 2492 eum
327 2443 425 2504 partim
441 2455 507 2506 opes
520 2456 583 2492 suas
596 2455 652 2492 uon
690 2442 764 2494 brevi
785 2439 1004 2492 obscurabuntur
1022 2452 1054 2488 ac
1073 2441 1210 2502 peribunt.

109 2511 280 2574 'assiduitati
305 2534 395 2584 neque
421 2521 572 2580 sollertiae,
604 2521 650 2570 sed
691 2522 749 2572 lloe
764 2525 793 2569 iu
814 2532 954 2582 nunquam
978 2517 1154 2578 obliviscere,
1183 2523 1213 2568 ut

126 2600 316 2652 tantummodo
333 2600 456 2662 coniugis
470 2599 541 2658 doti,
562 2599 651 2660 idest,
690 2615 706 2650 a
721 2601 814 2652 morbo
828 2599 875 2648 illa
887 2610 952 2660 opes
964 2596 1125 2646 corradendi
1142 2597 1213 2651 lilter

127 2680 319 2739 caeco-casui,
342 2679 584 2740 debeat‚·parlim‚
607 2674 651 2740 (de
690 2691 812 2732 maneas.
849 2676 1022 2727 lloriendum
1046 2675 1095 2725 tint
1114 2680 1168 2735 est,
1189 2675 1212 2724 si

127 2773 181 2824 qua
203 2773 233 2809 re
257 2759 316 2807 iure
341 2754 503 2820 indignaris)
528 2756 652 2807 tenuiore
691 2757 818 2823 aequales
833 2757 872 2806 tui
890 2760 916 2805 te
932 2755 975 2805 rel
988 2753 1104 2803 maxime
1120 2765 1214 2816 suspe-

127 2840 189 2889 looo
212 2838 247 2886 sit
267 2841 370 2888 ortus.»
407 2833 473 2898 (vv.
498 2835 652 2884 doteltiua·
690 2839 805 2888 serint.»
853 2835 1052 2898 Xenophanes:
1091 2829 1138 2884 Ἐκ
1157 2830 1214 2900 γῆς

126 2918 202 2982 upote
222 2916 257 2966 ad
279 2915 385 2966 Mutum
411 2913 548 2964 dumtaxat
573 2913 653 2975 perti·
691 2913 748 2987 γὰρ
760 2912 828 2967 τάδε
840 2910 952 2974 πάντα,
969 2912 1020 2962 καὶ
1031 2910 1062 2976 ἐς
1075 2909 1131 2978 γῆν
1143 2909 1214 2962 παίν-

128 3001 209 3055 nent,
231 3007 319 3057 neque
333 3007 407 3052 vero,
428 2999 456 3042 ut
468 2993 566 3056 aliquis
579 2997 653 3042 ratus
691 3010 727 3045 τα
745 2992 874 3062 τελευτᾷ.
909 2991 992 3053 Soph.
1005 2990 1071 3040 utiar
1082 2989 1144 3040 oid.
1159 2989 1212 3040 lt:

7 3091 8 3118 1
73 3111 77 3114 -
127 3080 185 3134 eet,
216 3073 371 3141 releruntur
384 3073 419 3121 ad
440 3087 467 3123 v.
488 3073 548 3132 Ἅι,
575 3068 653 3134 quasi
687 3064 835 3124 Ἅπανθ·ὁ
858 3068 975 3140 μακρὸς
990 3064 1213 3139 κάναρίθμητος

128 3154 167 3205 ibi
181 3153 351 3216 significetur
367 3152 463 3202 modus
478 3152 588 3202 divitem
602 3150 653 3199 sibi
690 3149 807 3220 χρόνος1
823 3145 893 3198 oda
917 3147 942 3197 τ’
964 3140 1060 3209 ἄδηλα
1087 3147 1137 3196 καὶ
1157 3161 1214 3208 φα·

128 3228 392 3294 uuoremparandi.)
408 3227 552 3290 —Mutud
572 3213 654 3281 homo
691 3231 778 3278 νέντα
797 3221 966 3295 κρύπτεται.
1003 3223 1040 3274 Μ.
1059 3222 1213 3274 Antoninus

129 3311 253 3373 ignotus3
279 3309 373 3360 lictum
394 3321 454 3358 esse
474 3321 575 3358 nomen
598 3319 653 3358 nou
691 3307 718 3366 a,
731 3305 782 3357 28:
804 3296 897 3354 ταύτά
907 3301 971 3351 ἐστι
984 3298 1020 3352 τὰ
1030 3300 1083 3352 τοῦ
1093 3297 1212 3364 κόσμου

129 3389 222 3438 oredo.
246 3385 279 3437 P.
301 3388 438 3437 Auernus
459 3387 489 3436 P.
510 3387 542 3436 F.
556 3387 654 3438 diruas
691 3382 841 3451 ἐγκύκλια,
859 3375 921 3432 ἄνω
938 3378 1033 3439 κάτω,
1053 3375 1085 3442 ἐξ
1104 3378 1214 3442 αἰῶνος

129 3474 170 3518 est
185 3467 258 3530 apud
278 3465 355 3516 Grut.
370 3467 431 3525 302,
445 3467 470 3515 1.
493 3489 524 3500 -
543 3461 652 3526 emetat]
690 3465 733 3525 εἰς
750 3461 855 3512 αἰῶνα.
869 3484 879 3494 -
892 3453 980 3523 -Ἥδη
1002 3455 1113 3520 πάντας
1134 3451 1213 3522 ἡμᾶς

128 3543 208 3609 ἅπαξ
217 3541 390 3611 λεγόμενον·
405 3548 504 3594 «metat
513 3543 650 3606 onagris.»
692 3540 730 3608 γῆ
754 3536 900 3606 καλύψειξ
925 3531 1028 3588 ἔπειτα
1054 3537 1105 3586 καὶ
1134 3530 1212 3600 αὐτὴ

131 3651 159 3668 ,-
174 3621 328 3690 indipnum]
348 3622 455 3674 ntaliltl
468 3625 579 3682 minem,
599 3635 654 3674 mo*
690 3617 859 3682 μεταβαλεῖ.
894 3617 1057 3679 Neutiquam
1077 3629 1157 3675 voro,
1184 3617 1215 3664 ut

131 3703 198 3760 lom,
227 3703 316 3766 nesus,
336 3715 397 3765 *per
417 3700 652 3751 exclamationem.
691 3698 799 3752 uolebat
816 3696 945 3757 lloering,
965 3710 992 3746 r.
1007 3695 1050 3744 at.
1069 3689 1215 3756 ἀπόδοσις

130 3781 173 3831 ilio
185 3781 265 3832 Ovld.
279 3780 342 3830 Am.
357 3781 382 3841 1,
397 3780 423 3839 o,
439 3781 464 3831 1.
487 3779 552 3831 Met.
567 3780 594 3835 5,
608 3778 652 3829 37.
692 3783 732 3828 est
744 3791 787 3830 vv.
803 3775 932 3835 17-aa,
953 3775 1001 3825 sed
1018 3787 1088 3825 nora
1107 3777 1215 3824 senten·

132 3885 162 3904 ν-
185 3856 335 3922 mt‘rodilis]
364 3858 507 3922 ζηλωτός,
539 3858 653 3920 «diguus
692 3857 747 3916 tia,
769 3856 819 3914 ita,
838 3861 868 3903 ut
886 3854 955 3914 dixi,
984 3867 1045 3902 eum
1068 3850 1213 3914 praecedd.

7 3971 9 3980 ν
101 3991 103 3993 ,
130 3953 210 4002 quem
229 3940 396 3995 admirere.»
441 3937 558 4000 liespioit
575 3937 609 3986 ad
626 3951 652 3988 r.
692 3947 823 3984 connexa.
853 3957 884 3972 ·-
913 3932 1032 3982 Porticus
1062 3925 1212 3995 Aprippoe]
1299 3967 1303 3976 ,

131 4019 160 4072 1:
178 4019 223 4071 llil
240 4017 385 4070 admirati.
693 4013 813 4063 Porticus
830 4011 946 4073 Neptuni
959 4023 982 4058 s.
997 4009 1215 4070 Argonautarum

171 4097 306 4149 24-2'1.
357 4090 513 4158 Quidquid]
550 4094 670 4143 Neruas
693 4086 1089 4152 alldgrippamme'lltl.
1109 4083 1214 4136 exaedi-

134 4177 247 4250 ollerum
264 4176 294 4225 in
315 4176 368 4224 hoe
389 4173 565 4224 immoderato
586 4172 655 4226 lueri
694 4170 771 4220 ficata
793 4175 819 4218 et
839 4167 950 4232 picturis
967 4179 1058 4216 rerum
1079 4165 1113 4212 aio
1126 4161 1213 4224 drgo·
