2928 4794
586 375 725 422 nonanti
747 373 949 438 serrantium

501 719 802 831 ’999999
861 740 1015 828 urst.
1115 787 1121 800 «

231 967 278 1033 Ut
299 967 469 1033 Nasidieni
493 967 576 1030 invit
598 969 632 1031 te
654 985 760 1032 coena
781 959 897 1032 beati?

174 1184 179 1190 ,
230 1089 315 1154 Nam
336 1088 413 1152 mibi
436 1089 608 1172 quaerenti
630 1088 806 1152 convivam
828 1087 938 1152 dictus
960 1085 1040 1151 here
1061 1087 1129 1152 illic

285 1254 307 1303 1.
345 1253 400 1302 Sat.
420 1252 493 1302 Vlll.
524 1249 607 1316 (9.1.
634 1253 749 1311 lituos,
776 1248 852 1314 bSc.)
897 1253 970 1302 91.
998 1255 1134 1316 quaerenti
1159 1250 1310 1316 convivam]

232 1323 294 1442 ffice.
309 1325 459 1452 Ι,9939919999
486 1325 620 1392 quaerenti
647 1323 684 1373 M.
717 1321 786 1371 lbid.
815 1323 870 1372 beri
897 1335 1032 1384 superscr.
1059 1321 1164 1373 lieres.
1193 1320 1312 1387 (Habent

232 1561 252 1608 F
272 1489 402 1608 ILCSStg.
421 1489 494 1538 vill.
514 1502 540 1539 v.
561 1489 587 1538 1.
609 1489 640 1538 tlt
659 1493 683 1538 te
700 1488 835 1538 Nasidieni
851 1489 918 1538 iavit
937 1487 967 1538 C.
986 1488 1122 1539 Nasidieni
1140 1490 1269 1552 pertinuit
1288 1495 1313 1540 te

255 1593 264 1608 .
285 1572 300 1608 9
341 1573 356 1607 9
396 1593 403 1607 .

251 1655 309 1706 99.
347 1655 402 1705 sat.
422 1655 549 1707 vunv.
569 1654 595 1702 s.
616 1637 751 1706 coaevam
771 1655 907 1717 quaereas·
926 1667 958 1704 ex
976 1654 1115 1704 prisciano
1133 1620 1163 1718 p,
1182 1655 1260 1705 1011.
1280 1655 1311 1706 a.

268 1808 342 1862 vltl.
371 1807 511 1858 Nasidieni
530 1819 643 1855 coenam
660 1810 754 1855 narrat
791 1819 887 1857 omues
922 1807 1036 1869 ineptias
1070 1807 1311 1869 demonstrandas,

234 1887 347 1936 Horatio
364 1885 531 1934 Fundanius.
570 1882 640 1932 lllud
662 1888 770 1932 autem'
792 1885 889 1944 quibus
920 1885 988 1933 baec
1018 1897 1103 1934 coena
1137 1885 1312 1936 laboraverit.

234 1966 357 2028 quamvis
371 1977 477 2012 summo
492 1963 579 2010 studio
593 1968 685 2024 ageret
706 1963 754 2011 bu·
792 1950 862 2034 an'u
880 1977 911 2011 er
930 1963 1116 2013 llnrnnonrro.
1136 1989 1169 1999 -
1188 1965 1314 2026 Singula·

235 2045 277 2093 ius
301 2043 418 2093 convivii
444 2041 584 2096 dominus,
612 2046 642 2089 ut
661 2055 753 2090 eoram
792 2039 828 2087 ris
841 2046 931 2090 autem
945 2047 971 2090 91
987 2056 1031 2090 999
1045 2047 1070 2090 91
1088 2043 1228 2092 urbanitas
1239 2044 1266 2091 in
1279 2055 1314 2092 eo

234 2123 409 2180 Maecenate,
430 2121 458 2168 iu
472 2121 548 2168 cuius
564 2120 696 2168 bonorem
709 2121 754 2169 da·
792 2119 926 2178 cernitur,
948 2121 1019 2180 quod
1038 2120 1112 2168 nulla
1130 2134 1196 2180 uox,
1220 2122 1313 2169 nutius

236 2199 333 2259 batur,
354 2199 460 2250 divitias
478 2213 554 2257 suas,
580 2199 755 2258 magnificeu·
792 2202 881 2258 gestus
895 2197 1059 2247 Maecenatis
1073 2204 1254 2256 memoratur,
1274 2204 1315 2248 ut·

236 2281 300 2329 tiam
311 2283 391 2340 atque
405 2278 516 2339 elegans
527 2278 657 2326 iudicium
667 2283 755 2326 osten·
792 2279 854 2337 pote
863 2275 909 2337 991
917 2277 1060 2324 comitibus
1071 2277 1224 2327 iocantibus
1233 2285 1314 2342 atque

235 2361 321 2416 taret,
345 2362 434 2406 tamen
454 2370 565 2418 operam
584 2351 637 2404 tam
655 2355 754 2403 misere
789 2355 934 2414 parociam
951 2355 1021 2403 salse
1035 2355 1224 2416 irridentibus,
1246 2359 1315 2420 ipse·

235 2437 360 2500 perdidit,
379 2440 407 2483 ut
417 2435 459 2484 vir
468 2436 615 2498 quidquam
626 2434 752 2494 ineptius,
793 2444 845 2492 999
864 2433 988 2482 convivio
1005 2437 1060 2481 tarn
1079 2434 1169 2496 inepto
1185 2437 1316 2485 marimo-

235 2513 382 2576 agrestius,
411 2514 497 2575 magis
519 2513 663 2561 ridiculum
683 2513 755 2572 cogi·
793 2523 857 2572 pere
870 2511 1042 2571 exhilaratus,
1063 2526 1140 2562 suam
1154 2514 1314 2575 dignitatem

168 2593 171 2602 '
236 2591 753 2657 1991999991,99991999199999999
793 2588 915 2636 illaesam
932 2591 1054 2640 servarit.
1092 2592 1247 2643 Pertinebat
1267 2608 1314 2642 au·

236 2673 321 2735 91991
336 2685 396 2720 eam
414 2670 537 2732 praebuit
549 2669 709 2718 Nasidienus
723 2682 753 2716 ex
793 2671 846 2714 tem
865 2667 948 2723 illud,
969 2670 1079 2732 opinor,
1098 2672 1132 2720 ad
1151 2677 1233 2721 totam
1250 2671 1313 2722 9991

237 2749 466 2808 19119991991999,
486 2747 615 2795 91999919
626 2750 752 2808 arguunt,
793 2745 959 2807 principatus
969 2748 1118 2808 rationem,
1138 2755 1167 2798 ut
1178 2751 1313 2799 interdum

235 2823 754 2888 19999199199199ς199999,9111119199-
793 2829 865 2885 99919
886 2826 1041 2874 comitatem
1060 2840 1136 2875 suam
1155 2833 1184 2877 et
1205 2829 1313 2880 civilem

235 2907 272 2955 dii
286 2905 375 2955 verbis
386 2907 502 2962 utamur,
522 2915 603 2951 avare
615 2902 758 2970 prodigus,
793 2901 914 2951 animum
928 2917 976 2964 per
989 2905 1175 2954 Maecenatem
1193 2905 1256 2955 huie
1273 2907 1320 2955 rei·

203 3031 209 3040 ,
237 2982 352 3044 superbe
361 2980 520 3037 submissus,
530 2985 688 3040 arroganter
698 2993 754 3036 cre·
792 2981 962 3041 aptissimum
983 2984 1063 3031 etiam
1082 2984 1180 3033 talibus
1197 2986 1314 3034 bomini·

235 3060 330 3119 dulus,
351 3059 514 3119 elegantiam
528 3063 554 3106 et
571 3058 753 3108 urbanitatem
793 3058 841 3106 bus
852 3062 1041 3121 comprobaret
1057 3062 1164 3122 Caesar,
1180 3064 1226 3126 991
1239 3063 1314 3114 Nasi-

235 3139 349 3188 ridieule
358 3128 496 3196 affectans,
504 3137 550 3186 sed
558 3137 628 3185 idem
636 3137 752 3198 ineptus,
792 3137 934 3186 dieuorum
944 3141 1035 3188 coenis
1047 3141 1103 3202 ipse
1113 3141 1244 3190 interesse
1257 3156 1313 3191 non

133 3231 135 3237 ’
235 3219 317 3269 199111
332 3217 438 3278 plenus,
451 3216 574 3276 stolidus,
589 3217 753 3266 omnisensu
792 3221 906 3277 poterat.
928 3216 979 3266 Sed
993 3233 1027 3267 ne
1040 3219 1180 3269 molestiae
1191 3233 1314 3270 succum-

236 3296 389 3355 commnnt,
416 3294 570 3344 liberaliore
594 3294 754 3344 educatione
793 3296 868 3343 beret
881 3295 1039 3356 Maecenas,
1060 3303 1088 3366 91
1100 3299 1202 3348 amicos
1217 3305 1244 3349 91
1256 3313 1314 3348 um·

236 3391 268 3426 ac
281 3377 351 3427 vitae
364 3387 415 3423 usu
429 3372 580 3422 destitutus.
601 3374 648 3423 Vel
664 3375 754 3424 bodie·
793 3373 1223 3438 19991911199999999191199191.
1239 3377 1313 3428 Nasi-

235 3469 287 3519 qne
306 3455 390 3503 199199
403 3453 506 3501 Horatii
524 3453 566 3503 vis
584 3453 611 3502 iu
629 3453 754 3502 91199119
793 3452 865 3501 11991
873 3454 1052 3516 antemipsins
1062 3468 1177 3516 persona
1189 3468 1312 3505 a-coenae

235 3536 293 3584 eius
314 3533 401 3581 Satira
421 3536 475 3579 tam
494 3531 577 3579 multa
594 3531 707 3579 ridicula
729 3536 755 3579 et
793 3530 869 3580 initio
892 3545 977 3594 usque
995 3533 1028 3581 91
1046 3533 1129 3582 linem
1149 3535 1220 3584 inter
1242 3549 1313 3584 sum·

234 3610 384 3661 deridenda
402 3609 429 3656 in
448 3622 533 3656 unum
551 3608 664 3657 collecta
681 3610 754 3658 inve·
793 3623 864 3658 mam
897 3609 1090 3660 beatitudinem
1123 3625 1313 3676 summamque

235 3689 305 3736 niet:
327 3690 428 3748 quanto
442 3685 652 3747 plusRomanus
669 3686 754 3734 lector
793 3688 930 3736 miseriam
952 3689 1080 3738 continuo
1103 3696 1218 3752 nutans,
1242 3693 1312 3742 ultra

237 3764 390 3814 1999999111
409 3763 569 3810 Praesertim
581 3763 654 3811 euim
667 3763 695 3811 in
709 3763 752 3823 iis,
792 3779 873 3827 quam
894 3767 1023 3815 credibile
1039 3773 1095 3823 est,
1120 3769 1234 3818 ridicula
1258 3784 1314 3818 ma-

234 3841 355 3905 quaeda
374 3839 539 3889 serculorum
560 3841 656 3890 ordine
673 3855 753 3902 appa·
792 3849 847 3894 991.
874 3845 1015 3894 Fundanio
1029 3847 1107 3906 item,
1127 3849 1237 3909 egregio
1251 3850 1313 3912 poti·

234 3925 348 3981 rataque
368 3919 530 3977 narrantur,
550 3919 592 3974 919
612 3933 684 3968 9999
702 3935 754 3970 no-
792 3929 835 3971 tae
848 3924 951 3972 comico
979 3920 1045 3985 (Sat.
1061 3926 1086 3984 1,
1102 3927 1144 3986 tc,
1158 3923 1228 3989 11),
1250 3940 1314 3976 eon·

234 4001 275 4049 bis
294 3997 437 4046 derisionis
462 3997 515 4045 vim
534 3997 752 4048 vel'coniectura
791 4001 994 4051 venientissime
1019 4008 1102 4051 totam
1127 4006 1313 4054 narrationem

233 4076 341 4138 assequi
362 4075 439 4134 lieet,
460 4087 549 4136 99999
566 4074 691 4124 Salmasii
708 4083 753 4127 aut
792 4079 893 4128 tribuit.
931 4079 998 4128 Vide
1024 4081 1156 4144 denique,
1183 4097 1219 4132 99
1244 4084 1313 4133 baec

233 4153 379 4214 boettigeri
416 4154 531 4204 eruditio
565 4159 688 4217 suppetat
719 4157 752 4206 ad
791 4157 877 4206 Satira
890 4158 1315 4222 919991991999111999919999
