2888 4810
492 315 557 365 nm.
577 316 614 362 ιι.
656 316 758 366 nerse.
779 317 813 366 ιι.
1124 299 1203 385 551

119 455 241 521 Frater
262 457 335 523 erat
356 453 485 522 nonae
507 455 651 534 consulti
673 454 809 542 rhetor,
830 460 868 522 ut
888 458 976 526 alter
1018 527 1022 534 ,

117 574 272 642 Alterius
292 593 445 642 sermone
466 593 576 654 merus
597 575 728 642 audiret
750 577 915 671 bonores,

117 695 293 764 Gracchus
314 700 351 762 nt
371 695 426 762 bic
446 697 509 780 iiii,
531 697 621 762 iuret
641 697 720 774 hnic
740 701 777 766 nt
798 698 934 767 Mucius
955 701 1021 768 iiic.

116 815 181 898 Qui
203 817 312 884 minus
331 822 474 906 argutos
493 820 600 884 vexat
620 818 716 885 furer
735 821 801 886 istc
823 813 968 906 pectas?
1154 817 1195 881 90

168 1019 192 1069 l.
228 1034 255 1072 r.
274 1019 318 1071 89.
337 1021 378 1072 bic
394 1027 424 1070 ui
441 1020 542 1074 Mucius
559 1021 601 1070 iiii
618 1020 664 1071 bs.

155 1125 191 1176 ll.
229 1140 256 1178 r.
275 1126 319 1177 ss.
338 1129 379 1177 bic
396 1133 427 1177 ui
443 1127 545 1180 diucius
562 1127 603 1177 titi
622 1127 673 1178 GT.

144 1232 196 1282 ill.
232 1246 259 1285 r.
278 1235 323 1284 90.
342 1239 430 1284 casui
447 1234 518 1284 enni.

149 1337 195 1390 Ν.
232 1353 258 1390 r.
278 1335 322 1389 87.
341 1340 437 1390 Pactus
454 1346 513 1391 erut
531 1341 628 1391 Romae
645 1342 761 1392 consulte
780 1343 871 1393 Bentl.
892 1355 966 1408 susp.
1011 1358 1038 1397 r.
1058 1345 1103 1398 88.
1123 1346 1199 1398 Cras·

112 1421 156 1460 sut
174 1408 264 1459 Bentl.
284 1422 358 1472 susp.

112 1603 252 1656 lesacensi
268 1609 412 1668 receptas
433 1605 571 1657 Valartina
590 1606 637 1658 sed
675 1608 776 1670 puris.»
807 1629 842 1647 ι·
871 1606 984 1672 Rmnuc]
1017 1610 1098 1662 «Duc
1123 1611 1198 1663 enim

110 1689 138 1734 ei
158 1689 274 1748 utraque
294 1684 413 1734 absurda
431 1688 457 1734 ei
469 1685 513 1736 rel
527 1690 637 1748 praeter
674 1693 752 1738 eram
770 1688 872 1739 Romae
892 1687 1007 1750 tratres,
1027 1691 1198 1742 iureconsul-

112 1763 247 1825 genitivus
264 1763 294 1812 in
316 1765 338 1813 e·
356 1776 466 1826 prorsus
487 1764 636 1816 reiicienda
673 1771 715 1815 tus
732 1779 819 1827 nnus,
837 1767 908 1817 alter
920 1773 1026 1828 orator,
1046 1773 1074 1818 et
1085 1769 1198 1832 quidem

111 1846 163 1892 ssi.
182 1865 212 1876 -
234 1841 360 1892 Verba„
377 1839 539 1905 emaculare]
561 1856 636 1895 ccar·
673 1850 787 1908 uterque
808 1847 844 1896 ita
865 1847 1019 1904 animatus,
1039 1851 1198 1910 uterentur

111 1921 188 1972 mina
207 1933 377 1984 componere
392 1926 448 1972 tam
466 1920 633 1983 laudabilia,
673 1928 795 1974 mutuam
807 1925 958 1983 'estimem
975 1925 1051 1976 alter
1079 1925 1197 1994 alterum

114 2005 143 2050 ni
163 1999 248 2062 digna
269 1999 323 2050 sint
346 2013 416 2064 qnae
439 2000 474 2050 ad
492 1999 579 2064 lyram
591 2013 635 2050 ca·
672 2003 802 2053 continno
815 2003 1002 2063 collaudarem
1024 2004 1125 2071 idcirce
1137 2017 1197 2056 uru-

110 2085 229 2140 nantnr,
249 2079 314 2129 dum
334 2093 416 2131 nemu
437 2079 584 2130 mediocris
608 2084 636 2130 et
673 2080 897 2132 teremalternm
925 2081 956 2132 u.
974 2080 1127 2154 Gracchum
1150 2095 1196 2144 ap·

111 2158 376 2208 maiamcduiatur.»
389 2156 533 2222 -diyaerJ
545 2157 635 2220 sopti-
673 2158 791 2220 peilabat
809 2159 876 2210 iuris
899 2160 1021 2221 neritus,
1041 2161 1115 2212 bunc
1136 2174 1197 2210 ers-

110 2250 156 2288 me
180 2251 242 2288 eum
259 2237 430 2301 materiolam
456 2237 559 2286 Romae
582 2237 634 2292 arti
672 2240 714 2286 tar
722 2237 878 2298 aiterqu.
890 2238 1012 2288 Mucium
1023 2239 1194 2300 Scaevolam,

110 2316 234 2378 uceticae
248 2315 564 2382 nunesseiucnm„eur
576 2319 634 2364 tan·
672 2320 746 2379 pent.
768 2328 840 2366 mur.
874 2315 971 2366 Nonne
991 2318 1089 2366 eodem
1110 2331 1196 2386 prope

110 2394 174 2444 dem
196 2399 377 2460 constatque
395 2407 495 2457 operae
517 2393 633 2456 pretinm
671 2395 809 2448 interese
832 2393 949 2465 invicem
967 2396 1048 2446 nimis
1066 2395 1196 2445 laudandi

108 2485 171 2524 esee
187 2472 287 2522 ducam
305 2473 427 2524 carmina
446 2474 633 2535 componeret
672 2473 792 2536 percussi
805 2477 868 2522 sunt
878 2471 960 2522 etiam
972 2474 1057 2524 nostri
1068 2475 1194 2536 podiae‘iu

110 2556 221 2614 propter
242 2565 312 2614 quae
333 2552 426 2614 paucis
449 2550 563 2600 tortasse
590 2558 633 2604 exi
671 2551 1195 2615 V.Frutarcurnonnullinnnproprie,

109 2631 195 2693 ceptis
207 2644 289 2682 nemo
300 2631 433 2680 exanime
452 2630 552 2692 gratias
565 2629 633 2702 mibi
671 2630 719 2678 sed
739 2630 774 2678 de
789 2630 916 2692 fraternis
935 2631 1031 2678 animis
1059 2626 1139 2693 (Eup.
1160 2631 1193 2691 1,

103 2707 200 2772 agat.»
672 2710 715 2769 iti,
734 2705 773 2771 d.)
793 2701 966 2771 acceperint,
986 2721 1042 2758 nun
1059 2709 1151 2762 video.
1163 2731 1194 2744 -

143 2787 271 2838 ei-ee.
290 2784 401 2849 Frater]
417 2788 543 2840 uPracter
555 2785 633 2836 illum
671 2800 755 2838 merce
767 2784 891 2849 bonores]
906 2784 1195 2851 'Ebrcubcseuquic

109 2867 188 2921 tirbis
198 2867 340 2930 strepitum
350 2859 558 2918 molestissimae
571 2869 634 2914 sunt
671 2881 749 2930 ceu,
782 2866 1032 2928 Gemiliacum
1065 2865 1146 2937 elane
1165 2869 1195 2914 ut

108 2950 135 2996 et
153 2959 169 2995 a
182 2947 349 2997 carminibus
363 2945 513 2998 scribendis
526 2958 575 2994 me
588 2943 633 2994 de-
671 2946 742 3010 apud
752 2945 851 2998 Catuli.
867 2946 915 3006 13,
929 2947 964 2996 u:
978 2952 1072 2999 ccatra
1083 2947 1195 3008 aeduici

109 3029 212 3074 terrent
224 3025 299 3088 ipsae
316 3026 380 3076 illae
398 3039 461 3076 cum
476 3028 632 3076 nostrorum
670 3037 754 3074 meros
766 3037 883 3086 umores,
897 3025 1009 3074 ciebis
1027 3024 1193 3074 ulstieba.

109 3103 268 3165 petitarum,
287 3105 431 3156 bominum
452 3115 534 3164 saepe
550 3115 633 3153 uanu-
671 3097 861 3164 -GraccbusJ
882 3101 1194 3152 GumCiceruBrut.iiti.

83 3203 87 3214 ·
109 3195 184 3241 rum,
209 3181 383 3234 multitudine
408 3181 527 3233 rationes
550 3185 632 3243 atque
670 3180 766 3231 Caium
790 3180 923 3230 maiorem
948 3179 1032 3230 tuisse
1057 3185 1195 3230 oratorem

108 3273 192 3324 prone
214 3261 384 3312 inevitabiles
402 3259 631 3318 necessitudines,
661 3249 869 3321 'censeatqmm
879 3258 1035 3316 Tiberium,
1049 3258 1194 3321 illenctius

108 3354 196 3402 quae,
229 3341 283 3392 nisi
298 3341 449 3390 inurbanus
469 3351 529 3391 esse
552 3336 631 3397 velo,
670 3337 837 3400 intelligatur
846 3340 1059 3386 consentaneum
1072 3341 1131 3394 est;
1154 3337 1194 3386 sia

106 3425 414 3482 menandrianorum,
442 3423 472 3469 ut
488 3415 586 3468 nimias
607 3419 633 3464 et
670 3417 752 3468 etiam
772 3415 806 3477 Q.
832 3415 939 3467 Mucius
966 3414 997 3463 P.
1019 3414 1057 3464 Μ.
1087 3415 1195 3466 vitiatur
1278 3409 1281 3414 ’

108 3498 189 3549 taleas
220 3499 309 3560 petitis
337 3500 420 3550 etiarn
450 3496 632 3548 mediocribus
670 3496 736 3546 iuris
749 3494 844 3557 peritis
857 3493 1036 3544 antecessisse
1049 3498 1077 3542 et
1088 3492 1118 3542 P.
1133 3492 1192 3544 Mn-

108 3578 203 3628 iaudes
218 3579 354 3640 tribuam,
374 3578 438 3636 nbi,
458 3577 527 3628 dura
540 3587 632 3624 neces·
670 3575 743 3624 cium
758 3573 834 3636 etQ.
852 3572 975 3624 Mucium
996 3585 1139 3634 augurem.
1160 3573 1192 3623 V.

107 3657 262 3708 sitatcmibi
272 3657 407 3721 imposita,
419 3655 632 3706 insulsisecrum
670 3653 810 3702 onomast.
822 3663 914 3702 meum
923 3651 980 3702 Cic.
990 3675 1022 3686 -
1036 3650 1086 3712 Qui
1097 3646 1193 3711 miuus]

107 3723 313 3787 recitationibus
334 3736 431 3786 adesse
448 3735 544 3784 debeo.
573 3733 631 3782 lam
671 3733 746 3795 «Qua
760 3731 864 3796 ratiune
877 3745 900 3781 e.
911 3729 1048 3794 quomodo
1062 3729 1152 3778 miuus
1163 3731 1193 3778 ‘ie

107 3829 171 3866 reru
184 3821 244 3866 mos
257 3815 325 3876 iste,
345 3827 399 3878 qna
416 3817 524 3866 ucenae
537 3811 631 3862 aetatis
669 3809 980 3873 Planiaimphitrd'rei.
990 3808 1038 3860 76:
1054 3808 1195 3870 Qaiminus

107 3893 233 3944 homines
257 3893 369 3944 litterati
391 3893 472 3944 modu
493 3905 525 3942 ex
545 3889 630 3940 animi
669 3891 837 3941 auiuentis
850 3889 907 3948 lca,
926 3901 992 3952 quea
1004 3900 1103 3936 summe
1116 3886 1194 3936 virui

106 3973 257 4033 sententia,
278 3972 360 4023 mode
379 3971 441 4022 iicte
461 3975 489 4020 et
506 3969 631 4028 simulate
668 3970 725 4020 Cic.
741 3982 789 4032 pre
802 3966 945 4019 (incivile
966 3966 1016 4028 Qui
1029 3965 1194 4014 miuuscm'm

107 4065 136 4100 ee
154 4051 274 4104 invicem
290 4051 422 4112 laudaui,
442 4049 571 4110 admonet
587 4061 630 4098 me
668 4048 783 4096 Licinius
794 4044 1073 4106 cumprebnadipetuit
1084 4066 1095 4077 ·
1107 4041 1143 4088 ·t
1162 4063 1193 4076 -

108 4129 321 4192 summioribus,
332 4131 407 4196 *quud
419 4128 502 4190 nesti,
516 4125 631 4179 teatrum
646 4177 647 4180 ,
669 4121 794 4192 mantus]
814 4129 975 4177 ‹inanesces›
1028 4133 1033 4146 ·
