2842 4808
532 343 601 392 aits
621 345 777 392 POEMA-

104 461 228 544 Altera
250 479 360 564 poscit
382 497 478 564 opem
497 497 556 548 res
576 485 611 548 et
632 485 788 550 coniurat
809 487 924 554 amice.

105 597 171 681 Qui
193 599 307 666 studet
329 604 486 685 optatam
500 620 602 668 cursu
622 607 822 692 contingere
847 610 977 692 metam,

103 719 218 787 Multa
241 713 484 806 tuiit'fecitque
505 741 604 809 puer,
624 725 760 800 sudavit
782 731 818 793 ct
838 729 928 806 alsit,
979 765 982 772 ·

103 840 281 906 Abstinuit
301 859 428 908 venere
450 846 485 909 ct
506 846 609 928 rine;
631 847 685 930 qui
708 847 835 933 Pythie
854 852 970 914 cantat

104 959 266 1042 Tibicen,
288 948 403 1030 didicit
425 965 519 1048 prius
538 967 994 1057 extimuitquemsgisuum.-
1128 965 1191 1030 415

102 1079 177 1147 Nec
199 1083 284 1147 satis
305 1082 523 1150 est-dixisse:
546 1086 623 1173 ligo
646 1089 727 1152 mins
748 1093 902 1173 poemata
924 1104 1057 1177 pang03

105 1199 262 1286 Occupet
283 1207 465 1271 extremum
487 1206 641 1292 scabies3
663 1207 740 1272 milii
761 1211 860 1293 turpe
880 1210 1021 1294 relinqui
1044 1213 1098 1276 est
1123 1263 1126 1270 .

104 1395 182 1529 (uoq.
194 1411 250 1516 „R
263 1397 328 1531 qne.
340 1398 400 1449 non
411 1398 444 1448 a.
462 1399 536 1450 nune
554 1400 621 1450 ero.
641 1397 686 1464 (ui
705 1413 772 1463 nos,
792 1398 832 1460 e.)
882 1416 909 1453 v.
926 1401 990 1452 rin.
1008 1388 1122 1468 riuique
1140 1403 1192 1456 as.

145 1571 184 1621 11.
222 1586 248 1624 v.
266 1571 329 1624 tta.
348 1573 423 1624 Nerio
440 1576 506 1624 ratis
524 1574 621 1626 LC'l'F.

104 1677 187 1798 l‘1V:
218 1691 252 1800 ss.
270 1678 333 1798 M}
353 1685 378 1730 et
395 1679 499 1732 Boccho
517 1681 648 1746 Erccrota
665 1681 783 1745 frising.
825 1698 852 1737 v.
869 1681 933 1735 tia.
953 1684 1022 1735 Num
1041 1673 1107 1736 coa.
1126 1683 1194 1738 rtet*

126 1761 200 1798 ensis
238 1761 279 1799 ec.
327 1783 334 1798 .

104 1927 208 1978 etos-ura
240 1941 272 1978 oc
302 1929 437 1994 miqulnn
467 1931 550 1982 sotere
577 1934 632 1984 eei·
668 1931 702 1980 tls
715 1931 903 1995 intempestive
915 1931 969 1982 loci
983 1932 1135 2002 εἰρωνείαν
1145 1945 1194 1984 au-

104 2013 182 2057 stare.
203 2027 236 2043 ·-
253 2009 368 2056 studium
384 2011 439 2058 sine
457 2009 630 2074 danteseia]
668 2023 732 2072 gere
745 2010 871 2060 volucrit.
892 2011 968 2063 litia
984 2013 1068 2062 satira
1082 2013 1194 2075 quidem

104 2089 137 2134 ut
161 2089 202 2134 est
221 2089 276 2136 tota
296 2085 459 2142 Callimachi
478 2089 577 2151 potiris.
599 2111 630 2129 υ-
668 2088 981 2153 forianensecium
1009 2091 1057 2161 secl
1080 2093 1103 2141 si
1124 2093 1151 2150 tr.
1172 2092 1192 2142 l.
1268 2105 1277 2114 ·

105 2160 189 2226 cara]
221 2164 378 2231 liesumqriav
398 2171 439 2215 est
472 2169 631 2228 metaphora
668 2168 821 2216 accuratius
846 2169 1008 2230 inspexeris,
1030 2169 1134 2219 videbis
1155 2170 1196 2218 ni-

106 2241 142 2292 slr
167 2242 228 2300 auri
248 2244 407 2308 argentique
429 2245 508 2296 renis
527 2246 555 2295 in
575 2257 632 2294 me·
670 2244 706 2294 eit
724 2241 795 2294 ‘sane
813 2247 934 2308 poluisse
953 2247 1081 2296 rusticius
1098 2247 1152 2297 diei
1166 2248 1195 2298 ia

107 2320 191 2372 taliis.
213 2344 244 2357 -
261 2320 362 2385 possit}
385 2323 474 2386 cquid
492 2324 632 2386 mrgniac
669 2323 802 2384 epistola:
830 2323 944 2385 «Ergo,
969 2325 1100 2386 quoniam
1121 2339 1195 2376 nuuc

109 2400 234 2456 duraturi
255 2403 339 2464 possit
362 2401 508 2456 ,efficerer
545 2402 631 2452 Possit
669 2403 721 2452 laoc
745 2402 844 2463 dixisse
871 2401 989 2461 sutflcit,
1024 2407 1053 2452 tu
1076 2415 1195 2466 quoquc,

107 2481 173 2530 satis
199 2479 323 2532 firmatur
353 2495 369 2531 a
397 2481 482 2539 Cotti,
510 2481 632 2532 Pottierii
668 2481 770 2544 optime
789 2480 870 2534 Piso,
899 2481 939 2528 sic
963 2480 1074 2536 dicito.»
1106 2479 1195 2544 Atque

108 2563 136 2608 et
150 2571 276 2610 meorum
296 2565 434 2623 quattuor,
460 2561 630 2623 compserit,
669 2565 699 2609 at
726 2563 800 2609 recte
822 2557 1135 2620 continentissimae,
1171 2559 1195 2610 si

107 2637 223 2690 verbum
247 2637 276 2688 la.
298 2637 318 2687 l.
339 2639 420 2695 nimis
442 2643 632 2702 tenuesprae·
669 2637 787 2700 antiquis
803 2637 972 2700 temporibus
990 2649 1194 2699 suaopponere
1302 2635 1312 2645 ”

107 2715 171 2766 beat
197 2728 268 2766 unus
296 2716 463 2768 Turtesnsir.
489 2741 521 2754 -
544 2717 632 2767 coniu-
669 2711 816 2775 voluisset,
850 2716 933 2767 verbo
961 2715 1057 2766 saltem
1080 2728 1194 2766 monere

107 2790 164 2857 rat]
178 2795 358 2857 Frequentius
371 2796 423 2846 liae
433 2794 632 2858 significatione
670 2795 824 2844 debuisset:
844 2793 934 2846 «Olim
952 2795 999 2857 qui
1011 2793 1147 2854 studebat·
1160 2819 1173 2830 ·
1184 2817 1196 2830 ·

108 2878 151 2922 est
168 2887 194 2924 r.
212 2875 364 2936 conspirare
382 2875 554 2925 aeliutimam
567 2885 632 2923 con·
670 2873 755 2924 mults
777 2872 882 2924 terebat
904 2885 987 2938 puer:
1008 2885 1082 2922 nunc
1099 2877 1195 2924 eontra

108 2951 266 3002 sensionem
295 2957 322 3002 et
347 2953 571 3004 coniunctionem
589 2966 633 3002 cr·
669 2951 1194 3016 est.»liegelsbergsriautemctScirel·

109 3031 294 3094 primendam.
669 3030 699 3078 lli
718 3030 786 3079 Num
806 3033 872 3080 sctis
893 3036 933 3080 est
949 3021 1192 3093 ianquidtssimum

143 3107 295 3159 tta-tle.
333 3107 385 3170 Qut
406 3104 508 3170 studet]
534 3107 632 3158 Paucis
669 3103 848 3167 &occasion
871 3122 954 3170 quem
979 3115 1089 3170 prepter
1113 3109 1195 3160 ratio-

108 3187 202 3240 verbis
228 3187 326 3236 clueat
351 3187 459 3249 potitam
488 3200 504 3236 a
532 3187 632 3236 teneris
671 3199 734 3236 nem
761 3185 939 3236 reticicnnsm
969 3187 1087 3245 arbitror
1110 3187 1194 3238 etiam
1228 3190 1236 3202 ⁸

107 3265 284 3328 unguiculis,
305 3268 334 3315 ut
355 3271 491 3316 oratorem
513 3265 633 3327 Quineti—
670 3264 816 3315 lectionem
841 3265 954 3314 veritate
975 3269 1084 3315 nostrae
1106 3265 1196 3327 proxi·

107 3344 211 3395 liaeus.
234 3343 412 3404 rtccuratm
433 3344 532 3406 inquit,
552 3345 633 3394 «ean-
672 3356 715 3392 mc
744 3342 920 3392 accedentem
953 3343 1012 3393 Non
1034 3345 1101 3392 raim
1125 3343 1194 3394 eoi.

108 3424 217 3478 catiorm
239 3435 272 3472 ac
290 3423 497 3485 praeparatione
511 3434 580 3486 opus
592 3427 634 3478 est
672 3421 703 3470 B.
725 3422 869 3484 antiquiss.
895 3427 923 3470 et
947 3420 1068 3471 Pettierii
1098 3422 1131 3471 N.
1149 3422 1194 3473 20.

107 3501 200 3553 tuturo
211 3502 335 3564 potitae»
355 3515 435 3564 quem
448 3513 512 3550 cum
521 3513 633 3552 cursore
673 3524 704 3536 -
724 3499 983 3552 Ceteruminanem
1008 3500 1195 3561 arrogantiam

108 3581 252 3646 Olympico
273 3581 467 3644 potiusquam,
493 3585 522 3630 ut
540 3580 635 3630 volunt
672 3580 819 3630 multorum
841 3583 930 3634 notat,
952 3578 998 3640 qui
1016 3582 1104 3628 semet
1120 3578 1195 3640 ipsos

109 3659 288 3717 Scholiastae,
310 3670 373 3708 cum
399 3658 499 3710 athleta
526 3671 635 3722 compa·
673 3673 722 3723 pro
735 3659 840 3708 eximiis
853 3656 1080 3720 poetisnnhaant
1101 3669 1196 3719 quam·

108 3743 161 3788 rat.
190 3761 221 3773 -
248 3734 360 3800 Potitia]
389 3736 635 3797 certamina,.llv·
673 3739 813 3788 visentem
827 3735 1110 3794 minimenlidiceriui3
1126 3749 1192 3786 neu-

111 3814 239 3880 Ssaaitnc.
269 3840 301 3852 -
329 3817 388 3866 Nec
406 3813 487 3878 ratis]
517 3816 635 3867 Tametsi
673 3818 776 3881 tiquam
795 3830 859 3868 vcro
873 3820 980 3885 certum
995 3815 1115 3879 aliquem
1128 3828 1195 3867 sure

108 3897 272 3947 auctoritate
285 3901 445 3958 praegravet
463 3895 544 3946 lectio
562 3895 636 3946 Nunc
673 3897 767 3946 aetatis
792 3897 900 3958 notitam
924 3895 1052 3947 vellicat..
1072 3895 1127 3945 Cir.
1155 3894 1197 3944 la-

108 3977 178 4026 rotir
204 3971 300 4037 (codd.
326 3973 434 4034 Mosae.
460 3979 487 4024 et
513 3973 634 4024 Pettierii
673 3975 737 4024 cois
758 3974 842 4026 Lectt.
865 3973 934 4025 Veri.
962 3988 989 4036 p.
1013 3973 1057 4024 te.
1084 3996 1115 4008 -
1143 3988 1202 4032 roa,

110 4057 222 4118 praeter
236 4065 322 4106 unum
334 4048 458 4113 omneis)
472 4055 564 4102 tamen
574 4065 635 4114 pro·
672 4051 739 4113 tier]
759 4053 822 4124 elisi
843 4052 1001 4116 imprecatio
1022 4056 1109 4102 tracta
1124 4057 1195 4110 alu.

110 4132 183 4186 lecta
204 4132 311 4186 ridetur
329 4132 365 4182 ali
385 4129 507 4192 homine,
526 4131 574 4194 qui
593 4141 635 4182 sa-
672 4129 708 4185 do
725 4131 839 4196 puerum
859 4131 907 4195 qui
923 4132 1002 4183 enim
1011 4138 1119 4200 praeest
1135 4149 1197 4189 cur·
