2856 4782
256 238 308 310 76
614 258 757 307 nonaria
777 257 977 308 carmanum

254 375 464 466 Praecinctis
483 415 600 464 unum:
625 399 730 469 nimis,
743 397 796 464 est
815 398 934 485 gravis
954 395 1069 482 Appia
1090 397 1221 492 tardis.

255 518 321 587 Hic
342 539 407 609 ego
429 521 569 605 propter
590 537 726 604 aquam,
748 517 836 603 quod
858 520 931 584 crat
952 517 1145 601 deterrima,
1166 518 1278 586 ventri

256 640 373 707 Indico
395 641 533 727 bellum,
555 641 738 706 coenantes
759 636 849 702 baud
869 639 978 704 animo
999 656 1107 724 aequo

257 761 473 845 Exspectans
496 762 644 826 comites.
686 759 757 824 lam
779 778 849 824 nox
870 758 1029 825 inducere
1051 759 1151 824 terris

256 879 401 947 Umbras
423 883 457 946 ct
479 881 573 947 caelo
595 878 780 945 diffundere
802 881 901 966 signa
923 881 1077 964 parabat.

258 1001 340 1066 Tum
358 1003 457 1096 pueri
478 1000 606 1083 nautis,
628 1001 742 1083 pueris
764 1001 918 1065 convicia
939 1001 1063 1066 nautae

257 1122 431 1210 ingerere.
475 1121 552 1188 Huc
573 1121 717 1206 appelle.
760 1119 947 1186 Trecentos
968 1120 1103 1205 inseris3
1126 1118 1190 1186 ohe

257 1245 328 1308 Iam
349 1243 434 1306 satis
455 1243 518 1306 est.
559 1241 646 1306 Dum
667 1258 727 1306 aes
748 1241 912 1329 exigitur,
935 1239 1009 1304 dnm
1031 1241 1118 1305 mula
1139 1239 1280 1328 ligatur,

258 1361 349 1428 'lota
367 1363 438 1430 abit
459 1360 553 1428 bora.
594 1360 681 1428 Mali
703 1361 828 1428 culices
848 1378 1017 1446 ranaeque
1038 1361 1208 1445 palustres

310 1593 333 1644 i.
371 1606 397 1645 r.
416 1591 443 1642 6.
464 1585 558 1653 almis]
578 1589 607 1641 S.
625 1590 711 1642 minas
729 1590 773 1642 bc.
792 1591 830 1644 Μ.

297 1712 334 1764 11.
353 1693 355 1697 ⁷
371 1725 398 1763 v.
417 1711 445 1762 6.
463 1713 550 1761 misus
568 1710 644 1762 LG'l'.
664 1706 732 1774 (noo
749 1708 793 1775 i.)
831 1725 858 1764 v.
877 1713 922 1761 12.
941 1712 988 1762 bos
1005 1711 1036 1762 F.

286 1831 337 1882 111.
374 1846 401 1883 v.
420 1830 447 1881 6.
466 1832 553 1880 micas
587 1844 614 1900 p.
633 1827 661 1880 7.
680 1830 816 1881 teterrimo
833 1842 849 1882 a
867 1828 933 1881 Ctd.
952 1828 1109 1880 Pulmrnni.

259 2011 446 2064 incedentibus
459 2023 491 2060 ac
504 2008 728 2060 strenuioribus.n
750 2031 782 2045 -
820 2009 954 2072 noluisse,
983 2023 1019 2061 ne
1036 2023 1148 2062 necesse
1167 2009 1279 2062 baberet
1302 2013 1340 2062 bi·

257 2092 337 2146 nima
351 2096 389 2142 est
404 2086 513 2154 prucis]
544 2087 648 2138 «nimis
664 2091 705 2138 est
722 2100 782 2137 mo·
820 2089 912 2140 bere.»
930 2088 1037 2140 Ponnn.
1050 2113 1082 2126 -
1097 2087 1255 2151 massano]
1275 2092 1341 2139 «mi-
1406 2123 1407 2148 ,

258 2172 327 2220 tosta
336 2168 430 2233 pigris,
450 2167 565 2217 tortasse
577 2166 660 2218 etiam
674 2169 783 2228 propter
819 2180 871 2217 nus
890 2181 958 2230 pura
981 2181 1014 2218 ac
1040 2167 1105 2218 mali
1126 2167 1258 2232 saporis.»
1296 2169 1341 2218 Te
1406 2171 1407 2192 ³

259 2249 350 2300 silicas
380 2246 543 2310 polygonos,
577 2245 675 2308 quibus
700 2248 782 2293 strata
820 2245 929 2296 terrimo
943 2245 1059 2296 Bentleii
1074 2250 1101 2296 ct
1116 2245 1306 2297 Heindorfllb.
1321 2246 1340 2296 l.

259 2331 327 2386 crat,
347 2337 380 2374 ac
391 2323 719 2387 proptereanosprimum
733 2322 783 2371 iter
819 2323 935 2373 nimium
957 2330 1008 2374 est.
1029 2346 1060 2359 -
1080 2321 1203 2385 comitas]
1233 2337 1341 2388 conspe:

259 2406 297 2456 ita
314 2403 469 2462 divisimus,
497 2406 526 2451 nt
547 2401 634 2464 primo
654 2401 699 2450 dio
723 2397 783 2450 Ari·
821 2407 906 2462 ctans,
927 2402 1341 2466 doneoomnes,.quisubidem

259 2485 320 2536 oisc
327 2486 578 2545 percontaremur.»
596 2480 671 2530 ilaec
681 2478 783 2540 simpli·
821 2485 926 2542 tompus
942 2480 1042 2530 Forum
1061 2478 1141 2544 Appii
1163 2487 1342 2544 pervenerant

260 2563 369 2614 cissima
381 2564 422 2611 est
437 2560 522 2618 ratio;
543 2571 575 2608 ex
593 2557 679 2608 altera
691 2556 784 2606 lectio·
821 2570 930 2620 unaque
939 2557 1049 2607 lintrem
1064 2560 1241 2610 conscensuri
1253 2563 1340 2618 erant,

259 2641 394 2707 nominas
411 2637 590 2688 ceteandem
604 2635 784 2684 soresenicn·
821 2640 1009 2686 coenassent.»
1046 2637 1142 2688 comes
1160 2637 1264 2688 Horatii
1282 2651 1341 2701 pro
1407 2655 1408 2676 ÷

260 2718 326 2768 tiam
336 2715 436 2765 elicere
454 2714 537 2762 licet:
559 2712 665 2760 ominus
675 2715 716 2760 est
724 2723 784 2772 gra·
821 2714 880 2777 prio
892 2727 963 2763 unus
981 2713 1144 2766 Heliodorus
1165 2729 1227 2766 cum
1245 2717 1342 2766 utrius-

260 2795 301 2849 vis
317 2793 400 2857 pigris
413 2805 495 2856 quam
512 2790 709 2850 velocioribus3
730 2794 783 2840 etc·
821 2806 874 2856 que
889 2792 1014 2844 servulis.
1043 2794 1106 2844 Sed‘
1117 2794 1164 2844 alii
1179 2794 1270 2857 plures
1289 2795 1341 2844 iam

260 2873 319 2924 nim
333 2872 379 2935 qui
392 2869 495 2920 tardius
506 2881 555 2931 por
563 2866 679 2932 Appiam
687 2868 731 2921 rel
744 2868 784 2917 iu·
820 2871 904 2921 futuri
928 2876 1006 2922 erant
1028 2872 1133 2922 itineris
1164 2874 1231 2924 socii
1257 2887 1342 2937 nsque

260 2946 782 3013 prediturrelvobitur,prudenteragit
821 2950 856 2999 ad
874 2950 1016 3000 Feroniae.
1042 2972 1077 2986 -
1101 2951 1173 3002 baad
1191 2954 1281 3002 ummo
1302 2965 1341 3002 oe

261 3029 325 3092 quia
344 3027 435 3078 minus
452 3025 581 3086 fatigatur
599 3037 681 3088 qnam
696 3026 785 3077 viator
822 3026 888 3092 pao]
910 3028 1103 3092 «impatienter
1115 3034 1195 3093 atqua
1214 3030 1268 3080 illis
1284 3044 1341 3094 pro·

260 3107 347 3170 magis
372 3103 540 3167 expeditus.»
587 3101 696 3154 Etenim
712 3103 783 3166 quod
822 3107 968 3170 pemodum
986 3107 1139 3160 invidam.»

261 3187 309 3236 alit
327 3187 380 3236 boo
400 3183 495 3234 dicunt
514 3181 684 3244 signiticaret
705 3196 783 3232 «non
856 3185 968 3236 9-19.
1012 3186 1071 3236 Iam
1097 3184 1340 3249 occupassent]

261 3269 301 3316 est
318 3263 448 3319 molesta,
469 3265 509 3312 est
526 3262 644 3312 iucunda
662 3262 784 3312 tardiori·
823 3263 922 3312 Versus
940 3262 1058 3325 heroici,
1076 3264 1190 3315 tortasse
1208 3279 1241 3316 ex
1256 3265 1342 3316 linnio

261 3345 329 3405 bus,
350 3342 414 3406 quia
428 3340 560 3404 frequens
574 3347 624 3403 est,
644 3345 675 3392 ut
690 3342 785 3393 volunt
822 3343 985 3405 expromi.-
991 3341 1169 3406 Huooppsllc]
1179 3344 1341 3396 «Domintad

261 3422 324 3483 alii,
350 3413 522 3481 diversoriis,
552 3425 582 3470 nt
598 3420 660 3480 alii,
688 3433 785 3472 monn·
821 3420 910 3471 fossae
926 3421 1014 3484 ripam
1031 3423 1245 3484 descenderant,
1274 3424 1343 3475 servi

262 3499 360 3550 mentis
374 3498 619 3562 sepulchralibus,»
630 3512 735 3559 vereor,
748 3512 785 3549 no
822 3499 942 3549 sarcinas
962 3501 1058 3552 eodem
1071 3501 1260 3564 deportarent3
1281 3503 1344 3552 binc

261 3581 420 3627 neutrorum
433 3576 515 3627 iuerit
530 3578 783 3637 amatoriloratius,
823 3591 889 3639 puer
915 3578 1013 3642 aliquis
1041 3580 1074 3629 ad
1088 3579 1202 3640 locum,
1229 3580 1276 3629 ubi
1300 3593 1343 3630 eas

263 3655 309 3718 qui
322 3655 420 3716 silvas,
440 3655 540 3716 colles,
559 3657 632 3709 rivos
646 3657 785 3719 potiussc·
823 3657 1004 3718 custodiebat,
1027 3657 1164 3721 appellere
1185 3658 1261 3708 iubat
1280 3672 1344 3708 nau-

262 3732 385 3783 ctabatur
397 3745 480 3795 qnam
497 3734 623 3784 tabernas
636 3739 684 3784 aut
696 3739 784 3783 tumu-
822 3740 895 3794 tam,
916 3741 945 3784 ut
959 3737 987 3785 in
1000 3736 1081 3786 lintre
1096 3737 1240 3788 commode
1249 3738 1343 3801 reponi

263 3812 314 3860 los.
335 3833 366 3846 -
384 3811 436 3860 Hic
453 3807 518 3874 epo]
539 3812 644 3862 allodia
666 3812 694 3860 in
715 3812 785 3860 Foro
823 3814 940 3877 possint;
959 3813 1205 3878 ntecumappeitic
1220 3816 1344 3865 nonsinc

261 3888 342 3953 Appii
375 3888 492 3942 viatores
527 3893 636 3953 propter
669 3901 782 3950 aquam,
825 3891 913 3942 taedio
926 3892 1056 3942 maiorem
1075 3906 1157 3956 quam
1174 3906 1223 3955 pro
1245 3893 1343 3950 naulo,

264 3980 334 4031 quaa
358 3967 396 4017 ibi
419 3967 565 4017 deterrima
590 3963 644 4026 cst',
673 3979 783 4020 manere
825 3971 896 4034 qnod
918 3971 1055 4032 depactus
1071 3977 1145 4031 crat,
1171 3983 1232 4021 osse
1251 3985 1344 4022 nume

263 4046 358 4100 ritant.
381 4043 451 4098 llicit
463 4057 547 4108 crgo,
566 4055 596 4096 so
611 4045 649 4098 ibi
667 4058 784 4100 coenato
825 4061 990 4102 cumeorum
1003 4050 1091 4114 videt,
1111 4050 1269 4116 quinarem
1282 4063 1345 4103 coo·
