2822 4794
249 283 304 358 64
613 307 755 358 noanon
776 307 978 358 anarrinon

248 449 311 540 Et,
333 447 554 537 quodcunque
574 451 677 516 semei
698 448 825 517 chortis
845 450 1007 528 niterent,
1030 465 1144 514 omnes

250 570 383 640 Gestict
404 590 426 638 e
447 571 546 638 furno
567 570 748 640 redeuntes
769 573 857 639 scire
878 573 1021 657 lacuque

150 667 152 676 ’
249 693 298 760 nt
319 711 444 781 pueros
466 697 501 760 et
522 712 617 761 enne.
658 692 831 783 Agedum,
856 711 966 778 peuce
985 692 1102 780 accipe
1125 694 1254 758 contra.

248 813 393 882 Primum
416 833 555 906 egone
577 816 723 899 illorum,
744 813 892 882 dederim
915 815 1034 900 quibus
1054 831 1131 881 esso
1153 811 1278 898 poetis,

248 937 614 1023 Excerpemnumcro:
636 955 745 1022 neque
768 939 855 1002 enim
877 935 1078 1004 concludere
1099 951 1236 1008 versum
1299 929 1338 990 it)
1395 1011 1396 1016 ,

248 1059 384 1125 Dixeris
406 1077 482 1125 esso
504 1060 588 1128 satie
595 1077 605 1146 3
627 1077 753 1143 neque,
774 1060 804 1124 si
828 1059 884 1144 qui
906 1059 1032 1126 scribet
1053 1057 1103 1122 uti
1125 1072 1191 1124 nos
1395 1027 1396 1048 Χ

248 1176 403 1250 Sermoni
425 1183 600 1268 propiore,
621 1182 722 1265 putes
744 1179 834 1248 hunc
856 1199 932 1248 esse
953 1183 1098 1266 podiam.

249 1303 425 1400 Ingenium
447 1303 501 1368 oui
521 1303 583 1389 eit,
606 1304 660 1368 cui
681 1320 775 1370 mens
797 1301 944 1369 divinior
965 1305 1066 1388 atquc
1089 1318 1129 1367 os

249 1424 383 1513 Magna
403 1425 615 1512 soneturum,
637 1422 699 1490 des
721 1425 862 1491 nominis
885 1424 982 1490 huius
1003 1423 1174 1491 honorem.

249 1544 383 1614 Idcirco
406 1545 554 1633 quidem,
575 1544 747 1614 comoedie
767 1563 875 1613 neone
897 1552 1016 1632 poema

249 1666 368 1758 Esset,
391 1669 607 1755 quaesiver03
627 1667 717 1754 quod
737 1687 819 1734 acer
838 1669 977 1754 spiritus
998 1686 1040 1736 ac
1061 1669 1116 1732 vis

248 1789 322 1858 Noc
343 1791 458 1856 verbis
479 1807 543 1857 nec
564 1790 666 1856 rebus
687 1791 793 1878 inest,
813 1790 879 1854 nisi
901 1787 990 1875 quod
1012 1787 1098 1874 pede
1118 1792 1212 1857 certo

304 1999 327 2050 1.
363 2012 390 2050 r.
410 1997 454 2050 39.
480 2001 575 2063 poitur
593 1997 656 2050 bSo.
693 2011 720 2050 v.
740 1997 785 2049 c1.
811 1999 835 2048 ei
852 1999 897 2064 poi
916 2011 1051 2064 superscr.
1071 2011 1101 2060 c,
1128 2004 1160 2050 ut
1178 1999 1213 2051 eit
1236 2000 1295 2064 ouis
1313 2001 1337 2050 b.

250 2069 351 2134 siquis
372 2083 397 2120 c.
416 2068 514 2120 scribom
531 2071 554 2119 εἰ
573 2069 630 2134 quic
648 2068 676 2119 S.
713 2083 740 2122 r.
758 2068 949 2132 emperors.
971 2065 1039 2132 (noo
1057 2065 1113 2132 bc.)

247 2227 250 2233 ,
290 2191 328 2242 n.
364 2205 392 2244 v.
414 2166 458 2242 ao.
474 2195 570 2256 poetar
587 2189 685 2244 ocor.
721 2203 750 2242 v.
766 2189 812 2241 or.
831 2191 855 2240 e·
873 2191 932 2256 qm
949 2189 1046 2242 ocor.

246 2379 301 2452 'otia
316 2399 371 2454 eois
384 2401 557 2455 mordacibus
566 2399 683 2453 lectores
695 2402 776 2455 rehe-
792 2395 797 2512 i
813 2414 842 2452 eo
855 2401 886 2452 de
898 2414 1006 2455 numero
1018 2427 1029 2440 -
1041 2409 1079 2454 eet
1096 2404 1294 2468 emnerpmclom.
1311 2428 1338 2440 -

250 2487 357 2532 menter
365 2482 454 2532 ridere
468 2486 547 2544 cogat
556 2494 585 2541 ς»)
607 2479 633 2531 id
644 2481 716 2544 quod
729 2481 776 2532 ho·
813 2477 977 2543 concludere]
998 2481 1054 2534 Set.
1066 2484 1092 2544 1,
1108 2483 1151 2544 10,
1164 2483 1216 2533 59:
1233 2485 1340 2546 pedibus

250 2563 319 2614 mini
344 2562 479 2613 malitioso
511 2561 591 2615 valde
621 2561 772 2620 blanditum
813 2561 877 2625 quid
894 2561 1014 2612 claudere
1032 2564 1111 2615 senia.
1140 2589 1169 2600 -
1203 2559 1339 2624 Sermoni]
1399 2569 1400 2576 ’

250 2643 299 2695 sed
312 2629 422 2706 propter
434 2642 486 2692 hoc
498 2641 589 2704 ipsum
603 2639 638 2687 ab
648 2639 777 2688 omnibns
814 2640 983 2703 quotidiano.
994 2663 1026 2678 ·-
1035 2637 1203 2704 conaturum]
1215 2642 1260 2692 Sic
1270 2641 1339 2706 epud

250 2721 396 2786 fugiendos
422 2724 472 2770 est.
509 2718 563 2771 Alii
589 2719 678 2768 minus
703 2722 776 2768 recte
815 2718 1193 2783 cionemperpcaematumc.
1213 2721 1339 2784 snttug.

251 2787 400 2864 explicant:
416 2797 581 2848 «dummodo
591 2802 677 2848 semet
688 2798 776 2860 ipsum
814 2797 859 2850 ti.
873 2800 1021 2848 iuvaturus.
1033 2799 1151 2850 ovimex
1161 2801 1247 2850 Ponto
1260 2801 1287 2864 d,
1299 2801 1338 2861 16,

251 2880 285 2929 ad
304 2880 449 2929 ridendum
470 2881 577 2939 cogat.»
597 2900 628 2911 -
647 2873 775 2942 illevera't]
815 2879 864 2928 15:
878 2879 983 2929 Marcus
991 2879 1130 2942 mapnique
1140 2871 1263 2930 Rabirius
1273 2883 1339 2930 orta:

251 2958 428 3021 contemptim
441 2957 476 3006 de
489 2955 655 3018 negligentia
670 2956 698 3004 in
712 2957 789 3024 scri-¹
817 2959 850 3008 de
863 2959 1059 3029 sententiarum
1078 2958 1243 3010 sublimitate
1261 2966 1339 3024 atque

251 3037 352 3088 hendo.
374 3061 405 3072 -
424 3050 442 3085 o
459 3030 555 3100 [orno]
581 3048 597 3084 a
619 3035 733 3099 pistrino
752 3041 778 3086 et
816 3039 963 3090 verborum
976 3038 1029 3088 iiiia
1039 3039 1263 3102 respondentium
1275 3041 1340 3090 ecito

178 3151 181 3162 .
251 3129 339 3180 cquae
351 3113 545 3178 receptaculis,
567 3128 683 3177 quorum
700 3115 776 3166 DCC.
817 3117 934 3168 delectu.
956 3143 987 3152 -
1010 3115 1137 3182 puidam]
1165 3118 1341 3171 Grammatici

252 3197 281 3247 io
295 3194 441 3246 Urboieoit
452 3195 490 3248 Μ.
505 3192 634 3257 Agrippa.
648 3193 720 3244 Plin.
732 3194 776 3255 36,
815 3195 1003 3247 Alexandrini.
1022 3197 1078 3248 Cic.
1098 3198 1173 3249 Orat.
1187 3199 1240 3250 20:
1265 3199 1340 3250 Video

252 3276 296 3326 15.
334 3275 440 3326 Gaudet
463 3273 545 3336 igitur
569 3273 667 3338 plausu
690 3274 778 3325 homi·
814 3279 899 3326 cirum
910 3278 1106 3329 eaaemonnutlic
1117 3280 1277 3330 Platonicae
1290 3280 1341 3330 Dc-

252 3367 319 3414 num
338 3353 449 3426 intimae
468 3353 559 3402 sortis.
815 3357 919 3406 moerin·
949 3357 1120 3422 decretionem,
1156 3360 1203 3409 ecci
1227 3359 1299 3408 ebrit
1325 3371 1341 3408 c

286 3432 401 3486 39-d8.
439 3427 575 3494 Primum]
588 3431 779 3495 Noosequitur
814 3423 899 3495 cerm,
919 3441 1008 3487 tomen
1019 3438 1342 3503 qoodincitatiucserator

205 3497 214 3516 ⁸
252 3515 361 3573 deinde3
388 3511 511 3574 exempla
532 3513 612 3563 huius
636 3517 779 3562 consuetu·
815 3519 840 3564 et
864 3514 1016 3564 clarissimis
1039 3517 1178 3568 oercomm
1203 3516 1342 3584 luminibus

253 3593 325 3642 dinis
344 3593 371 3642 im
387 3592 511 3642 oratione
529 3591 680 3641 incitatione
698 3573 779 3641 hinet
814 3598 924 3649 uictor,
958 3595 1048 3656 potina
1069 3599 1165 3656 poema
1193 3595 1341 3657 putandum

251 3669 374 3721 Goeremz
391 3670 425 3720 ad
438 3670 495 3721 Cic.
509 3671 542 3721 de
555 3670 640 3732 Legg.
651 3669 678 3730 3,
693 3669 720 3719 9.
742 3695 771 3706 -
815 3685 894 3737 qnam
915 3675 1071 3724 comicorum
1083 3679 1241 3737 poecomm,
1271 3673 1341 3738 apud

251 3745 356 3812 poecis]
377 3749 421 3800 Sic
435 3747 527 3800 Acron
540 3749 573 3798 ad
589 3749 644 3799 Sat.
658 3748 684 3804 1,
696 3747 722 3808 6,
732 3748 776 3798 25.
815 3763 895 3816 quoe,
915 3752 967 3801 nico·
987 3753 1057 3816 quod
1073 3753 1194 3802 versiculi
1205 3759 1284 3810 rent,
1303 3753 1342 3802 m·-

253 3828 366 3893 Propier
394 3823 604 3880 constructionis
632 3827 779 3890 ignoratio·
815 3830 853 3878 tn't
881 3837 919 3880 est
942 3830 1015 3880 atiud
1040 3833 1190 3895 quotidiani
1220 3831 1342 3882 dissimile

168 3915 171 3922 '
252 3922 316 3959 nem
335 3907 419 3960 Codd.
434 3906 577 3971 occupavit
597 3907 777 3958 accusativus.
815 3911 949 3958 cormonte.
967 3933 1000 3944 -
1018 3908 1167 3974 concocta]
1186 3912 1282 3976 utique
1296 3924 1341 3962 mo·

255 4011 286 4024 -
300 3983 464 4050 Encecpcm]
485 3997 534 4048 pro
552 3984 712 4049 «excipiam,
726 3986 779 4034 exi·
816 4001 864 4049 rc,
896 3989 1041 4040 Menandri
1063 3995 1090 4040 et
1109 3990 1289 4044 Philemonis.
1312 4013 1339 4025 -

253 4067 445 4128 mamoxctiam
463 4065 491 4113 in
512 4077 652 4128 promor.
674 4064 731 4115 Cio.
745 4065 778 4116 de
815 4064 908 4130 necne]
929 4069 1042 4120 Sicilie.
1057 4071 1195 4134 proMun.
1215 4073 1264 4122 11:
1282 4083 1341 4136 poe·

253 4145 301 4200 oi.
314 4145 341 4206 n,
356 4145 406 4194 11:
425 4144 570 4206 ammom,
584 4135 777 4210 notaacnota,
815 4153 853 4199 m
869 4148 914 4213 aar
931 4146 984 4214 ope
998 4161 1090 4211 nemo,
1113 4152 1194 4214 paon
1210 4152 1342 4216 monaca
