2856 4782
486 315 550 363 nin.
571 315 594 362 r.
636 315 710 364 sar.
732 315 790 362 vn.
1098 287 1176 362 109

97 457 319 541 Compositum
342 456 459 521 melius
480 475 554 522 cum
574 456 677 522 Bitbo
698 455 876 522 Baculrius.
918 457 960 519 ln
981 457 1033 519 lus
1134 449 1176 512 2⁰

83 557 203 644 'Actes
225 579 450 664 procurrunt,
472 595 626 665 magnum
647 578 874 661 spectaculum
896 579 1047 660 uterque.

93 699 230 764 Persius
252 699 394 782 exponit
415 715 563 782 eausam3
585 695 717 760 ridetur
737 697 781 761 ab
804 698 891 760 omni

93 816 272 886 conventu
279 837 289 903 ;
310 816 426 883 laudat
446 819 585 882 Brutum
607 815 789 902 laudatque
809 817 997 902 cohortem,

93 935 206 1004 Solem
228 938 335 1006 Asiae
356 940 497 1003 Brutum
519 939 687 1022 appellat,
708 938 891 1021 stellasque
912 937 1065 1003 salubres

91 1059 257 1145 Appellat
279 1061 433 1140 comites,
456 1062 600 1144 excepto
622 1058 739 1146 Rege3
761 1075 877 1140 canem
898 1059 1007 1144 illum,
1134 1053 1174 1116 25
1253 1086 1268 1111 ι

93 1181 243 1244 Invisum
265 1180 425 1269 agricolis
446 1178 539 1244 sidus
546 1181 730 1265 ,.venlsse:
752 1179 888 1259 ruebat,

92 1301 232 1365 Flumen
253 1302 291 1363 ut
313 1299 502 1386 hibernum,
524 1300 633 1364 fertur
655 1318 719 1383 quo
741 1317 819 1363 rara
840 1300 977 1365 securis.

93 1420 174 1485 'lum
196 1420 440 1486 Praenestinus
462 1421 552 1485 salso
575 1420 743 1504 multoque
765 1418 881 1484 liuenti

92 1541 268 1625 Expressa
288 1540 426 1606 arbusto
447 1542 576 1630 regerit
597 1541 769 1626 convicia,
789 1539 892 1604 durus

143 1715 166 1766 l.
204 1730 231 1767 r.
251 1715 295 1766 2⁰.
317 1715 480 1777 compositus
499 1716 542 1765 bc.
564 1710 631 1778 (non
651 1712 691 1778 S.)
728 1731 754 1768 v.
768 1716 812 1766 21.
833 1723 990 1767 comerent
1009 1717 1071 1768 bSc.
1090 1734 1117 1771 r.
1129 1719 1173 1772 28.

92 1785 248 1849 moltumque
268 1799 292 1834 c.
314 1784 382 1834 Item
401 1785 445 1842 S.,
467 1786 515 1836 aad
534 1797 669 1850 superscr.
689 1792 728 1836 to.
748 1785 864 1847 lituos,
885 1787 912 1837 b.

131 1893 167 1941 ll.
204 1906 232 1944 u.
251 1892 297 1942 20.
318 1892 481 1955 compositos
499 1892 575 1943 [ΕΤ.
596 1893 637 1941 lb.
657 1894 728 1941 intua
746 1891 775 1943 C·
805 1905 832 1945 v.
853 1892 897 1943 28.
919 1895 1078 1960 multamque
1098 1895 1174 1948 LCT.

120 1999 171 2048 lll.
207 2014 234 2051 v.
254 1999 300 2048 20.
320 1999 463 2062 Composito·
481 2013 496 2048 e
514 1999 580 2050 God.
600 1997 720 2060 stagnei.

93 2151 137 2200 illo
162 2151 247 2202 vitam
271 2149 429 2200 redemisse.
457 2173 488 2188 -
513 2147 613 2214 nabab]
654 2148 801 2214 Conventa]
829 2152 952 2204 «Corona
972 2157 1126 2209 auditorum
1147 2160 1176 2209 in

91 2230 118 2278 b.
137 2229 157 2278 l.
178 2229 319 2290 «oblatis,
338 2229 439 2278 datis.»
654 2228 789 2278 indiciis.»
811 2254 842 2266 -
860 2229 1005 2296 cohortem]
1025 2237 1175 2286 amicornm

123 2306 250 2357 20-27.
307 2303 498 2368 Conpositum]
543 2320 616 2369 epar
653 2311 679 2356 et
706 2307 835 2357 comitum
871 2310 963 2372 Bruti,
1002 2314 1047 2376 qui
1073 2315 1175 2378 iudices

91 2385 241 2444 eiusmodi,
281 2390 312 2442 ut
346 2399 404 2434 -non
436 2387 614 2447 compositum
654 2387 793 2436 sedebant.
810 2385 952 2450 —Solmn]
977 2391 1100 2442 Tumidis
1120 2408 1174 2443 me·

91 2464 283 2526 meliusparsit
292 2477 355 2512 cnm
367 2463 445 2513 Bitho
454 2465 613 2514 Bacchius.»
654 2465 773 2527 taphoris
794 2470 820 2514 ct
837 2466 951 2515 ridicula
969 2463 1116 2521 ἀντιθέσει
1135 2473 1175 2520 in-

92 2543 268 2604 compositum
287 2535 378 2592 sutem
403 2543 437 2591 ad
459 2543 616 2606 depugnari·
652 2549 695 2593 ter
711 2543 802 2592 stellas
822 2544 953 2594 salutares
971 2550 999 2594 st
1017 2547 1176 2598 Caniculam

91 2620 164 2670 dnm.
174 2645 205 2656 -
219 2620 372 2672 Pomanus
387 2622 498 2670 «Bithns
512 2626 539 2672 et
550 2623 617 2670 ltac-
654 2635 733 2683 agros
755 2627 901 2671 torrentem
926 2624 1049 2674 utebatur
1069 2625 1175 2676 rabula.

91 2701 165 2749 abins
186 2700 353 2764 gladiatores
372 2701 469 2762 optimi
483 2699 537 2749 illis
551 2706 617 2750 tem·
655 2723 687 2735 -
705 2697 805 2764 smine]
826 2715 884 2750 <teo
905 2702 983 2762 loeo,
1016 2703 1079 2763 ubi.
1112 2706 1176 2768 qnia

90 2779 199 2840 poribus
218 2777 348 2834 luerunt,
369 2779 495 2841 quicum
517 2778 616 2829 multos
656 2792 785 2842 praeceps
806 2786 847 2830 est
863 2781 939 2844 ripa,
967 2784 1093 2832 torrentis
1108 2781 1177 2847 (χει-

89 2857 305 2918 iuteremisseut‚
338 2858 476 2906 commissi
495 2858 566 2906 inter
587 2871 615 2906 sc
653 2852 784 2927 μα’ῥρου)
800 2859 916 2922 impetus
934 2866 974 2909 est
989 2862 1176 2912 vehementior

89 2937 188 2985 mutuis
230 2936 388 2986 volueribus
427 2937 614 2986 conciderunt.
655 2937 769 2999 ideoque
797 2937 825 2985 iu
851 2937 911 2987 loco
936 2940 1088 3000 periculoso
1113 2955 1175 2990 raro

90 3014 204 3080 Etcum
230 3015 327 3063 eodem
354 3019 475 3078 tempore
497 3014 614 3074 mulier,
654 3015 1176 3080 arboreacaodnntnr.»-solao]nama-

90 3107 158 3156 quae
189 3098 295 3155 septem
320 3095 465 3154 extulerat,
502 3095 616 3142 nuberet
655 3105 684 3142 ro
704 3097 730 3142 et
748 3092 915 3144 maledico.»

89 3173 127 3231 ei,
159 3173 205 3234 qui
228 3185 325 3221 nxoras
344 3177 448 3235 septem
471 3172 613 3230 amiserat,
671 3171 813 3220 '28-35.
851 3173 982 3236 multoque
993 3171 1095 3240 fluenti]
1113 3176 1176 3226 Per·

89 3250 615 3313 compertumostepigrommaule...»
654 3248 711 3310 sio,
741 3251 856 3300 dativus.
894 3251 967 3314 Virg.
992 3253 1041 3302 Ge.
1067 3254 1102 3313 3,
1130 3256 1174 3306 23.

90 3323 142 3390 (Sic
155 3329 206 3378 lid.
222 3321 350 3392 princeps
371 3329 449 3378 1t81.
476 3329 615 3392 Epigram·
653 3343 824 3393 mupnnmquc
844 3330 964 3395 {luentem
985 3333 1082 3381 lt'ilum.
1131 3333 1176 3382 Sic

89 3419 130 3455 ma
147 3409 239 3470 ipsum
253 3403 374 3470 excidit.)
393 3407 478 3457 Aen:
499 3408 614 3456 «bithus
654 3409 687 3457 do
712 3408 853 3458 minitante
886 3409 978 3470 Enrip.
1010 3410 1056 3458 Or.
1088 3411 1177 3460 1200:

89 3485 269 3542 etBacclrius
297 3485 478 3547 gladiatorum
503 3487 614 3535 nomina
653 3481 691 3552 ἦν
716 3484 808 3559 :zolde
834 3485 922 3558 παρῇ.
960 3487 1038 3537 Dem.
1065 3489 1173 3540 Phaler.

89 3564 223 3614 celebrata
247 3564 320 3626 apud
347 3565 505 3614 Suetonium
530 3565 616 3613 Tran·
654 3564 886 3626 p.1tti.Fisch.:
907 3564 1175 3637 καὶγὰρμεταφέ·
1253 3564 1256 3569 ’

88 3643 246 3704 quillumo:
284 3640 325 3706 (in
347 3643 424 3692 libris
445 3637 613 3706 deperditis.)
653 3641 745 3712 ponant
766 3641 828 3694 ἐστι
851 3640 932 3693 δεινὰ
950 3650 1044 3694 ποιεῖν
1064 3640 1103 3708 ὦς
1120 3643 1173 3706 τό,

89 3743 115 3753 -
131 3718 314 3783 procurrunt]
345 3721 373 3770 iu
400 3722 460 3781 ius,
487 3723 565 3784 quasi
587 3722 615 3770 in
655 3717 716 3784 «Τῴ
735 3717 855 3770 Πύθωνι
885 3719 1097 3790 θρασυνομένῳ
1124 3724 1175 3774 καὶ

88 3812 231 3862 campum,
259 3804 290 3848 ut
311 3799 411 3848 milites
431 3801 502 3850 inter
518 3814 547 3849 se
568 3814 614 3863 pn·
653 3796 749 3864 πολλῷ
777 3797 876 3868 ῥέοντι
910 3793 982 3848 nab*
1009 3794 1092 3864 ὑμῶν
1118 3796 1175 3850 οὐκ

88 3878 204 3936 gnaturi.
242 3876 337 3928 Altera
356 3878 437 3927 lectio
456 3885 615 3928 concurrunt
653 3872 743 3938 εἶξα.»
764 3874 852 3938 (Deru.
871 3877 905 3926 de
925 3876 986 3927 Cor.
1008 3891 1035 3940 p.
1052 3879 1114 3927 272.
1128 3875 1174 3940 u.)

88 3955 175 4004 miuus
197 3955 324 4018 apposita
343 3957 435 4006 estad
454 3970 499 4007 vv.
517 3957 615 4006 iuius.
653 3953 721 4002 lilire
742 3954 885 4004 Turnebus
910 3956 994 4004 iunxit
1016 3956 1107 4021 pinanti
1131 3971 1175 4006 nr·

90 4055 119 4066 ·-
136 4030 256 4095 ridetm]
284 4034 411 4086 Persius:
440 4048 495 4084 nou
517 4035 615 4096 imper·
653 4031 737 4082 tosto.
753 4055 782 4066 -
796 4030 944 4094 Expressa]
961 4033 1108 4083 «altissimo
1121 4034 1175 4083 ola-

89 4111 232 4171 sonaliter,
271 4117 301 4164 ut
324 4111 432 4165 uolebat
463 4113 558 4163 Lansb.
584 4137 614 4149 ·-
653 4123 728 4164 more
747 4125 779 4161 ex
800 4112 926 4172 arbusto,
953 4112 1065 4174 inquo
1091 4113 1174 4162 nmis
