2928 4794
448 431 451 436 ,
517 352 582 398 nra.
604 353 640 398 u.
681 353 756 400 sar.
777 355 849 400 vnr.
1138 333 1216 403 285
1266 379 1268 384 ·

135 488 318 556 Remedio
340 457 459 574 pclare
482 489 545 554 die.
586 485 664 575 Sic,
685 493 722 555 ut
743 492 819 556 milri
841 512 1007 578 nunquam

136 613 179 676 In
201 613 274 677 vita
296 611 398 675 fuerit
419 612 546 676 melius.
590 611 658 698 Da,
680 613 709 676 si
730 631 838 700 grave
860 633 929 678 non
951 618 1020 700 est,

138 729 234 813 Quae
257 733 361 816 prima
383 733 503 830 iratum
523 735 674 798 venirem
696 734 882 818 placaverit
904 754 991 802 esca.
1199 735 1218 798 5

190 908 213 957 1.
251 923 279 958 v.
297 904 325 957 i.
344 907 435 956 melius
451 909 532 971 [iterii
551 907 578 958 S.
600 903 666 972 (non
685 905 741 973 bc.)
762 910 831 960 ibid.
851 911 899 962 Dio
917 911 980 962 bSo.
1016 927 1042 964 v.
1062 913 1088 964 5.
1108 928 1219 976 pacaue-

135 980 175 1028 n't
193 991 218 1054 ε.
234 983 380 1040 pacaverat
398 991 533 1040 superscr.
552 979 562 1027 i
580 977 608 1028 S.
629 975 673 1042 (Ut
691 992 756 1036 nos,
777 976 816 1042 b.)

180 1075 231 1124 ΙΙΙ.
268 1089 295 1126 v.
314 1074 342 1124 d.
361 1075 410 1124 Dic

166 1171 213 1222 lv.
252 1170 604 1223 saulaumonis.
641 1171 684 1223 Sic
704 1174 845 1238 Doeringii
863 1189 937 1240 susp.

137 1316 213 1366 illius
232 1314 341 1382 Coenus
358 1315 585 1377 Trimalchionis,
606 1329 662 1367 me·
700 1321 756 1374 lnr,
777 1319 901 1370 convivio
921 1323 1034 1385 excepit.
1071 1321 1148 1375 Alius
1165 1327 1218 1378 Nu·

136 1395 190 1445 rilo
203 1395 443 1444 calebralissimaa.
698 1397 811 1446 uidimus
823 1405 988 1450 memoralur
1012 1403 1129 1455 Martial.
1144 1405 1170 1466 7,
1184 1405 1218 1456 53

173 1475 199 1523 1.
239 1470 287 1535 Ut]
317 1473 344 1522 in
360 1473 570 1536 interrogatione
592 1475 662 1525 dire·
699 1480 725 1524 el
745 1475 805 1536 dm,
833 1478 927 1528 tertius
953 1481 979 1528 in
1002 1480 1127 1545 inscript.
1146 1485 1218 1546 apud

137 1557 181 1602 oia
198 1552 281 1601 eliam
295 1551 361 1614 lipp.
377 1551 402 1613 1,
417 1553 442 1613 3,
456 1553 504 1602 12:
527 1554 558 1604 Ut
572 1554 661 1603 volet?
699 1554 878 1616 Hagenbuch.
914 1557 981 1622 lipp.
1019 1561 1110 1623 epigr.
1150 1562 1216 1614 Mss.

135 1637 168 1681 ut
180 1632 299 1680 meminit
313 1632 418 1681 nostri?
444 1632 531 1682 Plaui.
545 1633 620 1682 Pers.
635 1633 660 1693 2,
699 1633 776 1682 1755.
787 1633 831 1693 22,
843 1635 874 1684 6:
897 1637 928 1685 L.
942 1638 1112 1694 Nasrnrnuvs
1122 1637 1218 1690 Auerr-

137 1711 165 1770 5,
180 1711 215 1758 8:
244 1715 275 1758 ut
291 1710 414 1759 valetus?
442 1712 504 1760 Ter.
520 1711 618 1761 Heuui.
633 1713 659 1772 2,
698 1709 843 1776 r(inensis)
859 1714 1216 1768 Turnumlumxrnadnrr.

137 1868 235 1917 nuntia
255 1870 381 1929 quattuor
396 1867 505 1930 syllabis
519 1869 596 1930 quasi
608 1870 661 1918 Na·
698 1869 736 1916 lle
770 1868 901 1930 Calvisio,
940 1872 1050 1925 homine
1081 1877 1219 1926 Nasidieni

137 1947 242 2009 sidJeui.
272 1943 327 1994 Cir.
342 1961 368 1997 v.
382 1947 416 1996 75
429 1952 456 1996 et
469 1948 514 1996 8-5.
541 1947 661 1996 Feaele-
700 1960 830 2016 perquam
849 1949 946 2009 simili,
967 1951 1070 2002 Seneca
1086 1954 1153 2016 Epp.
1167 1955 1217 2004 27:
1254 1969 1256 1973 ·

138 2026 203 2080 ctio.
220 2026 270 2074 elsi
279 2026 390 2088 probala
403 2039 418 2074 a
432 2025 528 2075 lalrnio
542 2023 590 2089 (iia
604 2027 661 2088 qui·
698 2025 837 2088 Nunquam
851 2029 906 2077 vidi
922 2029 1051 2080 homiuem
1064 2033 1167 2084 beatum
1179 2035 1219 2084 iu·

138 2105 221 2154 dem:
242 2104 293 2165 Qui
314 2104 469 2160 Nasidieni)
487 2105 661 2167 interpolato·
691 2104 835 2152 decentius.

137 2185 213 2233 ribus
242 2183 369 2242 debetur,
401 2183 540 2233 Prisciano
572 2189 659 2244 cerie,
733 2183 821 2231 2-6.
859 2189 993 2246 quaerenti
1011 2186 1162 2252 convivam]
1187 2191 1219 2240 ln

138 2263 184 2325 qui
197 2267 320 2310 noslram
336 2261 480 2322 namatii,
495 2263 521 2322 5,
536 2263 595 2319 31„
616 2276 662 2325 po·
699 2274 744 2310 vv.
761 2262 856 2311 ordine
879 2263 961 2312 libros
979 2267 1055 2328 sequi
1076 2269 1158 2318 lulius
1180 2275 1220 2320 esi

139 2341 314 2401 notioribus,
344 2340 371 2389 id
397 2342 468 2403 quod
495 2342 662 2391 demonstrat
700 2352 781 2400 quam
806 2339 976 2391 Priscianum
1003 2348 1160 2395 memoriter
1189 2352 1220 2397 ui

137 2435 164 2470 v.
179 2420 225 2482 qui
243 2432 293 2480 pro
313 2424 343 2467 ut
360 2419 403 2469 vel
423 2420 551 2482 quomodo
571 2421 662 2468 miuus
699 2420 815 2477 videlur,
830 2425 938 2482 propter
952 2421 1134 2474 sormamlrere
1148 2428 1220 2488 apud

138 2503 211 2554 recle
231 2498 360 2558 positum.
398 2497 474 2548 lissei
493 2499 583 2548 enim:
616 2500 667 2563 uus
700 2498 825 2547 Plautum
845 2497 1014 2561 frequeniem
1031 2502 1104 2550 huno
1122 2503 1221 2554 alau-

137 2576 231 2626 welche
257 2575 355 2636 Weise,
387 2589 458 2625 non:
485 2578 555 2626 wie?
595 2577 663 2641 «qui
701 2579 820 2628 daniem.
848 2603 879 2612 -
907 2577 1006 2641 dicim]
1039 2593 1070 2629 er
1094 2595 1220 2634 sermone

138 2655 197 2704 fieri
221 2655 322 2718 poluit,
343 2660 372 2704 ut
393 2655 424 2706 N.
444 2670 528 2706 coena
547 2661 572 2704 ie
590 2657 663 2706 iuva·
701 2658 858 2720 quotidiano
873 2658 1017 2718 prodictus
1034 2671 1073 2714 ea,
1094 2664 1122 2708 ut
1139 2674 1220 2724 saepe

139 2737 220 2783 reli»
237 2734 579 2796 pravauliquesenieulia.
595 2736 663 2799 Ope·
701 2737 772 2799 apud
798 2736 922 2786 Plautum
948 2742 974 2785 el
999 2738 1166 2788 Terentium.
1186 2762 1219 2777 ·-
1312 2771 1314 2773 -

139 2827 198 2862 ram
217 2818 309 2862 aulem
324 2819 351 2862 ei
363 2813 451 2864 oleam
465 2817 596 2877 perdunt,
617 2815 663 2878 qui
702 2812 847 2876 Damalin]
868 2828 929 2862 cum
943 2815 1020 2864 solila
1039 2831 1141 2867 coenae
1153 2819 1221 2868 hora
1242 2874 1244 2880 y

140 2893 257 2940 credunt
274 2890 336 2940 ficto
355 2893 466 2947 nomine
487 2893 604 2942 derideri
618 2899 664 2942 aut
702 2897 772 2942 esset
784 2907 866 2942 nona.
895 2894 981 2943 Plani.
996 2894 1072 2944 Asin.
1087 2897 1115 2957 i,
1130 2899 1156 2957 2,
1172 2899 1219 2948 16:

140 2971 171 3032 Q.
186 2971 345 3029 Nasidium,
365 2970 476 3020 Antonii
490 2973 587 3022 ducem
603 2971 663 3036 (Dio
701 2975 731 3022 de
744 2973 784 3022 die
794 2979 903 3033 potare,
924 2979 950 3022 ci
966 2973 1063 3024 Graeci
1081 2970 1132 3038 ἀφ’
1152 2972 1222 3043 ἡμέ-

140 3049 216 3099 Cass,
239 3050 283 3109 50,
307 3045 382 3112 13.),
411 3055 457 3100 aui
478 3047 662 3102 Salvidienum
701 3067 755 3122 ρας
768 3052 873 3106 πίνειν,
895 3051 957 3100 inde
971 3066 986 3100 a
1000 3059 1072 3102 seria
1086 3056 1128 3104 vel
1142 3057 1222 3119 septi-

140 3128 257 3187 Rufum,
290 3127 410 3189 legatum
438 3129 593 3186 Octaviani.
630 3132 663 3180 de
702 3143 755 3178 ma.
779 3129 946 3178 laminhoc
966 3131 1221 3183 infieeiaNasidieni

140 3221 194 3270 quo
212 3207 291 3256 nullo
311 3209 391 3257 modo
404 3208 478 3271 loqui
493 3207 598 3271 poterat
611 3211 664 3258 llo·
702 3207 820 3257 luxuries
833 3208 966 3268 cernitur,
987 3209 1058 3273 quod
1071 3208 1105 3257 ad
1121 3214 1222 3272 iemps-

140 3287 241 3337 raiius:
271 3285 442 3336 Salvidienus
464 3289 537 3338 enim
559 3290 664 3354 occisus
703 3289 800 3337 siivum
823 3285 976 3336 convivium
1003 3287 1129 3337 invitarat
1150 3288 1223 3337 Mae·

140 3371 180 3414 est
190 3367 225 3415 ab
237 3359 386 3415 Octaviano
396 3380 421 3416 a.
437 3381 463 3416 u.
478 3381 503 3416 c.
517 3367 578 3417 715.
604 3364 664 3429 (Dio
702 3369 881 3414 uenalem·
897 3361 954 3430 Da]
975 3361 1109 3414 Firmalur
1125 3366 1158 3413 ab
1175 3367 1223 3415 ali·

140 3443 216 3494 Cass.
236 3443 282 3504 d8,
297 3444 341 3493 33.
361 3445 457 3495 Vellei.
473 3446 499 3506 2,
520 3442 577 3508 76.)
597 3447 665 3494 hace
703 3449 768 3508 quot
792 3443 862 3490 Teae
884 3442 967 3492 Codd.
990 3457 1040 3491 nec
1062 3443 1117 3502 dic,
1139 3440 1222 3505 (quod

141 3529 234 3572 aulem
253 3523 341 3572 Saiira
359 3525 458 3588 scripta
475 3538 501 3574 a.
516 3539 544 3574 u.
559 3538 583 3573 c.
602 3525 663 3574 727.
703 3521 824 3584 defendit
836 3521 993 3570 Torrentius
1007 3525 1033 3569 ei
1046 3521 1152 3580 Benll.‚
1173 3519 1230 3570 elsi

142 3596 280 3666 (Kirclrn.)
301 3602 343 3653 vel
357 3602 437 3664 726„
457 3608 487 3652 ui
501 3603 547 3651 alii
560 3603 664 3654 volunt.
704 3597 1123 3663 paletvelexComm.Cruq.hoc
1134 3599 1222 3649 Gloss.

141 3681 305 3730 Nasidienus
324 3679 426 3741 liuius,
454 3683 566 3730 testibus
585 3681 666 3730 Sciro-
704 3675 799 3741 assez)
828 3691 859 3727 ex
876 3678 930 3728 suis
951 3679 1222 3728 noiavilPollicrius.

142 3758 242 3819 liaslis‚
264 3758 315 3806 inii
333 3772 416 3820 eques
434 3759 588 3819 Romanus,
614 3758 665 3808 ior·
704 3760 815 3808 Videlur
828 3758 940 3808 omnino
954 3757 1055 3814 referre
1069 3771 1224 3807 sermonem

143 3841 213 3886 tasso
234 3836 414 3899 publicanus,
447 3842 475 3886 ut
497 3837 608 3887 Porcius
628 3834 664 3899 (m
705 3838 903 3902 quotidianum.
918 3837 1062 3888 Cir.v.80:
1076 3837 1223 3886 iilullodde.

143 3912 276 3978 23.),·cui
292 3915 366 3964 utilis
385 3930 444 3966 esso
464 3921 568 3978 poterat
584 3916 666 3964 inhls
705 3917 779 3977 virg.
801 3915 859 3964 Eoi.
882 3917 907 3974 1,
930 3916 962 3964 9:
994 3915 1043 3964 Sed
1066 3920 1153 3962 tumea
1177 3916 1225 3961 isle

145 3992 231 4054 illisve
242 3994 360 4055 negotiis
371 3995 668 4044 adiuvandiseiincon·
705 3993 900 4056 marquisii,
929 3994 980 4051 da,
1010 3993 1114 4054 Tityre,
1140 3991 1224 4038 uobis.

143 4070 275 4121 ducendis
302 4073 480 4133 vecligalibus
505 4073 665 4126 Maecenas,
705 4070 764 4120 Val.
783 4071 874 4118 Tlaco.
892 4069 919 4129 5,
939 4070 1004 4118 219:
1032 4068 1169 4117 Thessalici
1189 4068 1224 4113 da

145 4163 225 4212 quem
238 4154 385 4214 propterea
401 4150 484 4212 lauto,
501 4150 668 4218 ulopinaba·
706 4148 773 4198 bellu
789 4149 871 4200 ducis.
901 4171 931 4182 -
958 4145 1072 4204 iratum]
1105 4143 1225 4198 «laulelir
