2928 4794
219 286 300 354 324
360 317 362 322 v
542 297 699 345 -nonaun
722 290 957 340 arianonorum

517 643 882 790 ners'ronn
925 694 1001 781 ιι.

591 895 658 956 ali
689 892 927 950 hommum.

222 1057 358 1126 'l'roiani
380 1055 458 1122 belli
480 1055 692 1139 scriptorem,
714 1051 854 1142 maxime
875 1049 978 1128 Lolli,

223 1181 312 1245 llam
329 1182 366 1243 tu
387 1175 555 1242 declamas
576 1172 720 1244 Romae,
742 1171 927 1236 Praeneste
947 1168 1070 1256 relegi:

258 1403 295 1458 ll.
332 1401 743 1468 Lollins‚adquemhaecllpi-
782 1401 899 1462 regenda
920 1400 970 1458 sii,
991 1403 1045 1446 tam
1065 1409 1142 1456 vere,
1168 1401 1221 1444 tam
1242 1407 1304 1444 uer-

223 1487 290 1538 slola
314 1488 375 1538 data
396 1491 451 1544 est,
483 1481 555 1532 illius
577 1487 641 1530 natu
662 1481 744 1530 maxi·
782 1493 855 1538 vose,
876 1484 930 1526 tarn
948 1475 981 1526 ad
995 1475 1211 1540 persuadendum
1230 1479 1304 1537 apte,

223 1578 283 1616 tuus
300 1565 338 1616 Μ.
360 1565 439 1614 Lollii
458 1575 514 1612 cos.
536 1571 562 1612 a.
584 1571 611 1610 u.
634 1574 658 1610 e.
680 1558 743 1609 733.
782 1565 811 1608 nt
837 1557 984 1621 quemlihet
1012 1555 1227 1612 adolescentem,
1257 1552 1306 1616 qui

224 1641 269 1708 (ad
297 1653 378 1707 quem
402 1642 531 1692 Horatius
560 1639 667 1701 scripsit
691 1637 743 1687 Od.
783 1636 985 1703 pleneahiecto
1005 1634 1096 1684 animo
1117 1647 1171 1683 non
1192 1633 1240 1692 sit,
1260 1645 1306 1680 ex·

222 1721 255 1782 l,
269 1717 308 1784 a.)
326 1721 432 1772 videtur
447 1719 541 1768 luisse.
580 1715 655 1778 (Sine
671 1721 744 1764 certa
783 1717 865 1765 citare
875 1714 942 1763 eiad
956 1715 1057 1776 optima
1070 1723 1194 1775 quaeque
1208 1723 1307 1759 acoen-

224 1800 383 1848 ancioriiate
396 1803 422 1847 et
435 1798 503 1859 patri
517 1801 543 1845 et
556 1795 612 1845 lilio
624 1793 745 1843 Palicani
783 1795 846 1844 dere
864 1795 990 1843 debeant.
1010 1791 1091 1844 Znnn.
1120 1791 1246 1842 Celerum
1263 1793 1307 1837 est

223 1890 376 1946 cognomen
408 1876 526 1924 tribuere
560 1874 662 1923 solent:
698 1873 745 1920 sed
783 1871 875 1921 schola
909 1872 996 1920 Stoica
1022 1885 1052 1920 er
1083 1870 1306 1932 interpretatione

224 1968 290 2003 eum·
313 1953 432 2003 consulis
462 1951 549 2015 neptia
574 1964 674 2000 nomen
699 1951 745 1998 ha·
783 1951 895 2000 llomeri
909 1951 1016 2008 morali,
1036 1963 1118 2012 quam
1127 1950 1306 2011 praeiverant

224 2030 313 2083 buerit
341 2024 444 2081 Lolliae
471 2030 629 2089 Paullinae‚
662 2032 689 2078 et
705 2028 743 2079 nl.
782 2027 965 2088 Antisthenes,
979 2029 1061 2088 Zeno,
1074 2028 1216 2077 Persaeu.
1237 2027 1307 2077 Vide

145 2151 149 2158 .
224 2109 327 2160 Lollius
343 2108 483 2158 Paullinus
500 2122 556 2158 eos.
575 2106 657 2157 luerit
673 2118 700 2155 a.
715 2119 743 2155 u.
782 2108 898 2157 Dionem
916 2105 1051 2170 chrysost.
1070 2105 1145 2155 Orat.
1167 2106 1201 2154 53
1220 2111 1246 2154 et
1258 2105 1304 2154 55.

225 2201 249 2238 e.
272 2187 352 2247 iilo„
375 2187 447 2237 illius
464 2186 577 2237 tortasse
594 2199 743 2250 pronepos,
783 2191 810 2235 et
836 2198 968 2248 perquam
994 2184 1091 2234 similis
1125 2189 1166 2233 eat
1193 2183 1306 2234 Maximi

223 2264 357 2315 Ohharius
382 2265 410 2314 in
434 2265 514 2315 huius
536 2265 586 2327 Ep.
610 2264 744 2314 Editione.
783 2264 856 2327 Tyrii
874 2264 944 2312 Ilias.
964 2262 1009 2312 ³2.
1029 2262 1111 2313 veluti
1131 2277 1158 2324 p.
1179 2263 1240 2312 126.
1255 2263 1305 2311 lh:

225 2337 419 2404 [llalhersiadii
439 2341 529 2403 leae]
556 2343 608 2392 hoc
627 2341 753 2407 Paulllni
783 2338 895 2394 Aricina
911 2341 1066 2406 πεποίηται
1087 2335 1168 2407 αὐτῷ
1189 2338 1222 2390 ἐν
1243 2343 1307 2402 τοῖς

223 2434 374 2482 cognomen
385 2420 593 2484 praeferendum
600 2425 674 2470 ratus
682 2416 744 2484 est.)
782 2418 884 2485 λόγοις
892 2416 1046 2488 μειράκιον
1058 2414 1237 2468 Θετταλικὸν
1254 2417 1308 2468 καὶ

223 2497 336 2559 Lollius,
356 2499 442 2548 nohili
461 2500 523 2549 loeo
544 2505 638 2559 natur,
659 2499 744 2557 (lives,
782 2495 859 2569 ἀνὴρ
886 2494 1056 2560 βασιλικός,
1089 2491 1228 2559 Ἀχιλλεύς
1254 2495 1305 2546 καὶ

223 2579 330 2629 iuvenis
351 2591 500 2640 generosae
522 2579 621 2628 indolis
643 2583 669 2627 et
692 2577 747 2626 ele·
781 2573 987 2642 Ἀγαμέμνον’.
1013 2570 1030 2626 ὁ
1057 2574 1112 2641 μὲν
1138 2569 1188 2626 ὑπ’
1212 2570 1307 2644 ὀργῆς

224 2658 312 2718 gantis
331 2657 434 2718 ingenii
455 2662 524 2715 erat,
545 2660 675 2719 quantum
689 2655 746 2718 qui·
782 2655 825 2716 εἰς
846 2647 934 2724 ὕβριν
951 2648 1175 2723 προφερόμενος
1195 2647 1212 2704 ὁ
1230 2648 1306 2719 Ἀγα-

223 2733 285 2782 όοιιι
299 2747 329 2782 ex
343 2734 394 2782 hae
408 2734 526 2795 llpistola
543 2737 570 2782 et
587 2733 667 2782 huius
683 2732 746 2781 libri
782 2733 919 2797 μόμνων,
949 2725 967 2783 ὁ
988 2731 1019 2782 δὲ
1039 2727 1179 2794 Ἀχιλλεὺς
1196 2744 1306 2802 aporp-

223 2811 273 2871 up.
293 2810 337 2859 ta.
357 2810 494 2859 coniicere
512 2810 585 2858 lieet.
616 2809 647 2858 lli
666 2811 747 2870 igitur
783 2809 933 2872 luscuhelg
960 2812 1088 2875 μηνίων·
1117 2805 1229 2872 εἰκόνες
1253 2823 1306 2858 πα-

223 2888 302 2949 poe'ta
329 2888 380 2935 hae
411 2887 528 2949 Epistola
561 2887 746 2936 saluberrimis
783 2885 859 2943 eea,
900 2884 1040 2953 νεότητος
1071 2889 1122 2939 καὶ
1155 2883 1302 2950 ἐξουσίας·

224 2964 345 3013 eonsiliis
363 2966 444 3022 viam,
459 2980 512 3028 qua
526 2967 699 3026 pervenietur
712 2967 745 3014 ad
783 2961 903 3029 szlheg
934 2981 982 3016 τοι
1008 2963 1137 3037 ἑκατέρῳ
1169 2965 1223 3016 τόν
1250 2965 1304 3014 Νέ·

224 3043 392 3091 honestatem
403 3048 429 3092 et
439 3043 605 3104 felicitatem,
616 3049 747 3093 monstrat
784 3059 891 3113 στορα,
910 3039 1037 3094 παλαιόν
1053 3042 1168 3113 χρόνῳ,
1188 3039 1306 3110 ἀγαθὸν

223 3129 339 3182 eamque
349 3121 469 3170 utalacri
479 3123 570 3170 animo
581 3123 747 3182 ingrediatur
784 3126 915 3192 φρονεῖν,
934 3119 1032 3172 δεινόν
1050 3123 1141 3172 εἰπεῖν
1153 3121 1213 3172 κτλ.
1233 3121 1304 3170 lhid.

223 3197 424 3248 adolescentem
447 3206 548 3250 monet.
575 3201 662 3264 Atque
685 3215 747 3251 cum
784 3199 892 3261 p.135:
914 3193 1012 3250 Αιῗτόν
1024 3215 1056 3264 ys
1067 3197 1129 3264 μὴν
1141 3197 1194 3250 τόν
1208 3197 1306 3250 Ὀδυσ-

223 3275 275 3324 hoe
299 3277 357 3339 ipso
379 3281 499 3340 tempore
524 3275 561 3340 (a.
584 3293 611 3329 u.
636 3294 660 3328 e.
683 3279 745 3329 727.
783 3277 839 3326 σέα
869 3273 927 3338 οὐχ
953 3271 1041 3346 ὁρᾷς,
1081 3271 1121 3341 ὥς
1150 3279 1306 3340 παντοίαις

222 3349 348 3416 liirehn.)
359 3354 636 3406 HoratiusPraeneste
645 3357 746 3418 degens
784 3360 953 3424 συμφοραῖς
971 3351 1221 3422 οἱντιτεχνώμενον
1241 3351 1307 3426 α’ρε·

223 3432 335 3482 llomeri
363 3435 483 3484 earmina
510 3436 667 3498 relegisset,
695 3438 746 3484 hac
785 3427 819 3496 τὴ
838 3430 923 3495 σώζει
937 3433 987 3484 καὶ
1006 3430 1040 3483 τό
1059 3429 1095 3483 δι’
1107 3432 1222 3500 ἐκείνην
1235 3433 1305 3503 θάρ-

223 3510 358 3560 scribendi
371 3513 515 3564 occasione
533 3520 610 3563 utens
629 3515 745 3575 primum
783 3524 852 3571 σος,·
875 3509 971 3560 Τοῦτο
987 3507 1068 3577 αὐτῷ
1087 3509 1122 3562 τό
1141 3511 1174 3562 ἐν
1194 3513 1305 3582 Κίρκης

223 3578 340 3637 helendil
369 3588 431 3639 inde
460 3597 597 3655 tamquam
630 3606 660 3640 ex
692 3593 756 3641 vita
783 3585 1305 3661 μῶλυ,τοῦτοκόόνὲιαλοὶττῃκρή·

223 3665 281 3726 ipsa
300 3678 379 3727 posse
396 3669 534 3730 aptissima
556 3670 584 3718 in
603 3676 745 3731 utramque
783 3661 904 3727 ὀομνον,
932 3664 1022 3716 τοῦτο
1044 3664 1100 3717 τῶν
1116 3665 1304 3733 Πολυφήμου

223 3747 326 3804 partem
341 3746 464 3809 exempla
478 3760 493 3796 a
508 3748 585 3796 nohis
599 3747 663 3809 peti.
684 3747 746 3796 Post
781 3739 887 3812 χοιρῶν
901 3739 953 3795 τόν
972 3738 1064 3815 ἄνδρα
1079 3741 1192 3812 ἐξάγει,
1213 3745 1305 3797 τοῦτο

194 3847 195 3850 =
222 3820 292 3869 hane
307 3824 444 3883 egregiam
459 3825 492 3874 de
506 3825 625 3873 llomero
638 3830 744 3874 senten·
781 3815 813 3881 ἐξ
830 3815 904 3888 ᾅδου
923 3814 1028 3888 α’νάγιι
1045 3824 1105 3874 κτλ.

222 3899 287 3947 tiam
307 3899 430 3962 piurihus
449 3918 491 3953 vv.
507 3902 665 3964 explicatam
688 3899 742 3964 (vv.
817 3906 904 3956 1-3.
941 3907 1063 3974 maximo]
1088 3912 1220 3962 «maxime
1239 3919 1305 3962 natu

221 3974 330 4040 1-31.)
345 3980 426 4029 tradit
439 3979 577 4043 potissima
589 3987 744 4042 praecepto·
782 3984 853 4034 inter
869 3984 993 4036 iratres.»
1021 4014 1053 4026 -
1080 3988 1221 4054 declamas]
1242 3992 1305 4041 «de-
1340 4024 1343 4028 -

220 4064 281 4104 rum
307 4058 413 4119 capita,
443 4059 540 4121 quihus
569 4059 623 4109 rita
651 4059 742 4110 iuveni
781 4062 924 4115 clamando
941 4065 974 4116 (le
991 4066 1059 4117 liciis
1077 4069 1201 4121 thematis
1226 4065 1305 4134 (quo-
