2842 4808
522 321 589 370 sna
610 323 764 370 nonnius.
1101 299 1180 370 678

101 473 211 524 semper
227 459 397 514 sdmirsbills
416 460 489 514 risus
507 463 548 512 est
565 466 592 512 et
609 460 671 512 telis
690 460 827 524 prolecto,
857 459 946 524 qualis
972 460 1051 512 debet
1076 474 1136 512 esse
1154 461 1183 512 in

100 544 235 607 epistola,
267 558 331 596 vera
356 544 490 594 sermonis
516 542 658 595 familiaris
685 545 822 606 imagine,
854 545 880 594 id
908 549 969 605 est,
1000 543 1131 595 occultior
1157 547 1184 596 et

100 627 307 692 larior‚'qusm
326 627 373 692 qni
391 617 538 691 requiritur
557 627 585 677 in
604 629 728 690 poemate
748 641 822 677 mere
845 627 1019 678 didascalico.
1066 628 1118 678 liiu
1137 641 1184 678 au·

99 716 155 761 tem
174 710 345 774 multumque
363 711 513 772 haesitavi,
541 715 631 761 utrum
646 713 691 762 hic
710 725 742 762 ex
760 725 835 762 more
854 724 871 760 a
889 711 981 761 multis
999 711 1062 762 inde
1081 725 1096 760 ιι
1115 711 1184 775 Rep-

100 793 174 856 pclto
193 798 314 854 serrato,
335 795 527 856 subiungerem
546 800 735 856 argumentum
751 794 835 844 xvu.
851 789 1009 858 (Rappolu)
1029 795 1071 846 rel
1084 794 1183 844 xviii.

101 873 256 940 (Arnoldt)
284 877 328 928 vel
353 876 453 928 XXlll.
483 873 640 940 (Wetzelt)
668 877 710 928 rel
741 877 823 928 XXV.
851 873 1018 940 (Dosriugs)
1051 877 1184 940 capitibus

100 961 278 1011 distinctum:
310 961 356 1011 sed
382 973 444 1012 cum
471 961 636 1024 experientia
661 961 732 1014 duee
755 960 896 1016 didicerim
909 1001 911 1006 .
925 961 1023 1011 talibus
1051 957 1185 1026 σχήμασι

100 1057 153 1094 nec
178 1044 330 1114 philologos
352 1058 403 1096 nec
427 1043 574 1108 discipulos
599 1057 764 1108 magnopere
788 1044 935 1104 delectari,
962 1057 1048 1108 esque
1074 1043 1184 1104 suum,

100 1129 149 1178 ubi
171 1127 289 1190 perlecta
318 1133 401 1188 eunt,
433 1141 465 1178 cx
489 1132 579 1177 mente
604 1141 697 1177 rursus
722 1127 845 1178 excidere
870 1127 977 1187 solere,
1007 1126 1135 1190 equidem
1156 1127 1185 1176 in

100 1212 299 1262 commentario
315 1211 387 1274 ipso,
407 1211 563 1274 ubicunque
579 1212 762 1261 necessariam
775 1217 846 1270 erat,
867 1210 966 1263 seriem
978 1214 1185 1275 praeceptorum

101 1307 134 1344 ec
153 1295 298 1348 transitum
315 1296 350 1347 ab
374 1308 429 1346 nno
448 1295 616 1362 adulterum
635 1295 710 1347 breri
728 1294 882 1358 significare
901 1293 1027 1358 praetuli.

531 1441 755 1456 ss
798 1445 802 1452 v

153 1545 224 1596 Miro
237 1558 303 1595 eane
318 1557 382 1596 casu
401 1544 502 1596 iactum
519 1551 576 1604 est,
594 1550 625 1598 ut
638 1559 671 1595 eo
691 1545 750 1609 ipso
768 1544 826 1601 die,
845 1557 900 1607 quo
914 1549 974 1608 pert
986 1544 1187 1608 interpretatio·

103 1644 167 1680 nem
189 1629 352 1681 familiarem
374 1631 455 1680 etiam
473 1631 544 1679 bane
563 1628 762 1678 Praelationem
779 1629 951 1679 absolveram
969 1629 1113 1692 operisque
1134 1633 1186 1678 tra·

103 1715 243 1773 didersm,
275 1714 405 1780 Turicum
433 1714 485 1763 lroc
509 1713 671 1775 opusculum
702 1711 877 1774 pervenirett
908 1712 946 1760 De
972 1713 1125 1761 Horatiano
1151 1711 1188 1761 ad

103 1798 210 1846 Pisones
221 1797 352 1858 Epistola.
388 1795 498 1858 Scripsit
511 1797 557 1846 Dr.
572 1795 722 1846 Guilelmus
735 1794 813 1844 Lilie.
853 1793 1045 1850 Vrotisioot'oc,
1065 1794 1097 1843 F.
1113 1795 1186 1844 litet.

103 1879 415 1932 Mosconnum.
435 1893 500 1948 pag.
517 1879 561 1929 st.
609 1879 703 1942 Neque
725 1884 816 1928 lamen
842 1881 984 1942 propterea
1009 1879 1052 1929 vcl
1074 1878 1188 1928 verbum

103 1977 190 2012 unum
213 1976 290 2012 meae
308 1975 389 2013 curae
412 1968 516 2012 mutere
538 1975 651 2012 necesse
674 1962 775 2022 habui3
807 1975 919 2021 verum,
948 1963 1076 2024 quoniam
1095 1963 1188 2012 buius·

104 2046 179 2096 modi
197 2045 283 2096 libelli
301 2052 362 2110 post
379 2046 483 2110 aliquot
502 2058 589 2096 annos
607 2060 623 2095 a
642 2046 768 2095 studiosis
781 2046 824 2096 vir
837 2046 952 2108 reperiri
969 2051 1095 2108 possunt,
1116 2059 1189 2096 com·

105 2130 219 2196 modum
239 2130 327 2181 visum
347 2135 406 2190 est,
426 2130 564 2192 scriptoris
583 2129 677 2192 utiquo
697 2129 804 2180 sincero
822 2129 880 2179 veri
898 2128 986 2178 studio
1005 2130 1079 2192 ducti
1098 2131 1189 2194 singu·

104 2214 192 2264 larena
210 2213 367 2277 opinionem
385 2213 431 2264 nie
448 2224 679 2263 commemorare:
784 2247 785 2250 ,

158 2297 224 2358 Pag.
242 2298 286 2350 91.
307 2297 374 2348 «Sed
395 2297 522 2362 quonlam
545 2296 574 2346 in
594 2296 675 2344 rebus
692 2300 789 2344 natura
811 2307 859 2344 sua
877 2294 965 2344 dubiis
984 2294 1047 2344 licet
1063 2295 1187 2357 opinari,

105 2380 188 2430 talem
211 2381 348 2442 quandam
373 2381 405 2430 de
424 2380 497 2430 Artis
520 2379 624 2442 politica
645 2383 717 2428 sorte
737 2383 764 2427 et
784 2377 890 2442 origine
909 2377 1100 2439 cogitationem
1121 2377 1189 2428 mibi

106 2462 235 2514 informo.
272 2447 418 2524 Horatius,
438 2476 500 2512 curn
522 2462 673 2526 pervitam
695 2461 789 2524 polisin
811 2461 955 2522 diligenter
976 2465 1083 2510 curaret
1099 2461 1190 2523 singu·

105 2546 188 2609 laque
207 2548 241 2596 ad
259 2551 320 2596 eam
339 2546 500 2609 pertinentia
520 2546 652 2609 polimitis
669 2545 725 2594 suis
747 2544 922 2603 inseruisset,
947 2543 980 2592 da
1001 2544 1096 2594 codem
1112 2556 1190 2606 ergu-

106 2633 200 2680 mento
223 2630 308 2680 mults
329 2631 403 2694 prius
429 2629 558 2688 sortasse,
590 2641 671 2691 quam
699 2628 733 2677 ad
757 2627 869 2677 Pisones
889 2627 1026 2675 scribendi
1045 2625 1190 2676 eonsilium

107 2718 234 2776 caperet,
255 2714 282 2762 in
304 2713 396 2762 tabula
418 2711 549 2774 peculiari
570 2711 778 2775 conscripserat.
815 2710 919 2759 Deinde
937 2723 999 2758 oum
1017 2710 1109 2772 paucis
1128 2715 1191 2760 aute

107 2801 224 2846 mortem
244 2795 323 2845 annis
342 2809 424 2846 cansa
445 2795 547 2845 incerta
571 2794 666 2844 ductus
689 2795 722 2843 ad
746 2793 875 2854 Pisones,
907 2794 998 2846 nescio
1019 2807 1054 2842 en
1079 2793 1191 2855 ingratis

107 2881 235 2942 precibus
256 2883 365 2929 coactus
394 2879 541 2938 scriberet,
573 2891 605 2927 ea
634 2891 703 2940 quae
731 2877 807 2926 cordi
833 2877 886 2926 sibl
915 2877 1071 2926 iamdudum
1098 2881 1190 2937 crant,

108 2963 358 3016 communicaturus
387 2963 479 3012 omnia
508 2961 642 3022 omnino,
676 2973 744 3024 quae
770 2961 803 3011 de
830 2960 905 3022 possi
934 2966 1023 3009 mente
1040 2960 1192 3032 ¹recondite

108 3047 245 3106 babebat,
270 3037 402 3108 prompsit
421 3049 598 3108 promptaque
617 3044 759 3106 epistolam
781 3044 876 3093 leviter
895 3037 1060 3093 adumbrans
1080 3043 1194 3106 perscri-

110 3129 178 3192 psit,
199 3131 252 3190 itn,
273 3134 301 3178 ut
314 3143 387 3178 nunc
399 3128 529 3190 epistolae
542 3126 656 3176 sormam
671 3131 804 3192 servaret,
825 3138 898 3174 nunc
911 3126 961 3174 soli
975 3127 1015 3175 rei
1033 3127 1193 3176 scribendae

110 3215 230 3263 intentus
251 3212 414 3275 negligeret,
435 3225 507 3261 nuno
520 3211 554 3260 de
566 3210 693 3260 universa
707 3209 798 3272 polisi,
818 3221 892 3257 nunc
905 3207 938 3258 de
951 3208 1071 3258 dramate
1090 3213 1192 3272 ageret,

109 3301 138 3348 et
169 3297 263 3346 iterata
287 3309 351 3346 cura
380 3293 521 3358 epistolam
548 3298 652 3356 postea¹
668 3291 851 3354 perpoliturus
877 3295 1020 3354 utramque
1051 3285 1109 3340 rem
1136 3304 1192 3340 nou

111 3381 175 3430 salis
198 3379 299 3442 ubique
317 3379 492 3430 discerneret.
530 3377 606 3426 Unde
620 3375 722 3430 iactum
739 3387 798 3424 esse
815 3373 936 3432 videtur,
957 3378 986 3422 ut
998 3373 1194 3424 sententiarum

110 3477 167 3514 non
188 3462 289 3524 ubique
308 3461 378 3510 iusta
399 3459 566 3510 continuatio
585 3463 612 3508 et
633 3456 791 3516 soriensis,
822 3461 852 3505 ut
876 3455 929 3504 elia
950 3469 981 3507 cr
1004 3455 1058 3507 alia
1080 3468 1148 3506 nexa
1168 3460 1195 3506 et

111 3559 207 3597 omncs
227 3545 298 3596 iuter
315 3533 344 3594 se
365 3549 443 3608 aptae
465 3543 664 3604 colligataeque
685 3554 745 3590 esse
768 3552 824 3588 non
845 3538 1006 3598 rideantur,
1030 3551 1195 3601 quamquam

111 3631 147 3681 ad
165 3628 260 3692 polisin
279 3631 392 3678 cunctae
413 3626 558 3690 pertinent.
607 3623 644 3672 llr
668 3624 719 3673 lrac
743 3617 830 3686 igitur
848 3621 977 3684 epistolae
1001 3622 1115 3683 umbra,
1147 3634 1196 3670 cur

112 3715 146 3764 ad
164 3713 278 3762 Pisones
297 3710 396 3773 scripta
415 3710 468 3770 sit,
487 3720 584 3772 perum
604 3707 779 3768 intelligitur,
801 3719 891 3769 nequo
904 3717 1016 3765 eorum,
1030 3719 1098 3768 qnos
1114 3705 1196 3756 bisto-

112 3798 154 3848 ria
175 3795 268 3856 nouit,
288 3794 334 3860 qui
354 3793 465 3843 luerint.
501 3790 628 3841 Attamen
650 3804 712 3840 cum
731 3790 762 3839 L.
785 3788 962 3852 Calpurnium
983 3787 1130 3850 Pisonem,
1150 3789 1197 3852 qui

113 3893 177 3930 cum
196 3879 235 3930 Μ.
261 3877 338 3928 Livio
362 3876 450 3927 Druso
477 3889 505 3925 a.
530 3888 559 3923 u.
586 3887 611 3924 c.
636 3873 713 3922 739.
730 3873 825 3924 consul
852 3872 957 3934 iuerat,
988 3872 1011 3921 si
1031 3886 1086 3924 non
1108 3873 1197 3934 ipsum

113 3964 241 4028 poetam,
261 3965 334 4010 certe
355 3962 495 4023 petitarum
516 3957 663 4008 antistitem
684 3955 786 4017 luisse,
813 3959 934 4008 veterum
952 3956 1113 4007 testimoniis
1132 3954 1196 4004 satis

113 4045 324 4108 comprobetur,
349 4045 457 4108 podiam
478 4037 512 4092 ad
532 4043 606 4092 lrunc
623 4041 736 4104 eiusque
757 4039 828 4090 iiiios
850 4041 969 4090 scribere
989 4039 1108 4091 voluisse
1127 4035 1198 4087 arbi·

113 4136 190 4192 trcr,
222 4128 277 4179 nisi
301 4128 361 4193 quis
387 4115 456 4178 sorte'
480 4123 645 4176 firmioribus
672 4137 737 4174 usus
763 4123 932 4186 argumentis
959 4121 1033 4176 allud
1061 4119 1196 4172 suadebit.
