<?xml version="1.0" encoding="UTF-8"?>
<!DOCTYPE html PUBLIC "-//W3C//DTD XHTML 1.0 Transitional//EN"
    "http://www.w3.org/TR/xhtml1/DTD/xhtml1-transitional.dtd">
<html xmlns="http://www.w3.org/1999/xhtml" xml:lang="en" lang="en">
 <head>
  <title>
</title>
<meta http-equiv="Content-Type" content="text/html;charset=utf-8" />
  <meta name='ocr-system' content='tesseract 3.04.00' />
  <meta name='ocr-capabilities' content='ocr_page ocr_carea ocr_par ocr_line ocrx_word'/>
</head>
<body>
  <div class='ocr_page' id='page_1' title='image "./qhoratiusflaccu01orelgoog/qhoratiusflaccu01orelgoog_0561.png"; bbox 0 0 2888 4810; ppageno 0'>
   <div class='ocr_carea' id='block_1_1' title="bbox 255 317 998 387">
    <p class='ocr_par' dir='ltr' id='par_1_1' title="bbox 255 317 998 387">
     <span class='ocr_line' id='line_1_1' title="bbox 255 317 998 387; baseline -0.007 0"><span class='ocrx_word' id='word_1_1' title='bbox 255 317 337 387; x_wconf 70' lang='lat'><strong>550</strong></span> <span class='ocrx_word' id='word_1_2' title='bbox 541 357 543 364; x_wconf 94' lang='lat'>·</span> <span class='ocrx_word' id='word_1_3' title='bbox 599 337 740 383; x_wconf 68' lang='grc' dir='ltr'><em>νοτίου</em></span> <span class='ocrx_word' id='word_1_4' title='bbox 761 335 998 384; x_wconf 78' lang='lat' dir='ltr'><strong>urrsruussuu</strong></span> 
     </span>
    </p>
   </div>
   <div class='ocr_carea' id='block_1_2' title="bbox 185 473 1223 936">
    <p class='ocr_par' dir='ltr' id='par_1_2' title="bbox 255 473 1179 570">
     <span class='ocr_line' id='line_1_2' title="bbox 255 473 1179 570; baseline -0.009 -24"><span class='ocrx_word' id='word_1_5' title='bbox 255 481 449 570; x_wconf 77' lang='lat' dir='ltr'><strong>Ingenium,</strong></span> <span class='ocrx_word' id='word_1_6' title='bbox 471 479 537 543; x_wconf 90' lang='lat' dir='ltr'><strong>sibi</strong></span> <span class='ocrx_word' id='word_1_7' title='bbox 557 477 647 562; x_wconf 82' lang='lat' dir='ltr'><strong>quud</strong></span> <span class='ocrx_word' id='word_1_8' title='bbox 668 495 796 542; x_wconf 79' lang='lat' dir='ltr'><strong>vacuus</strong></span> <span class='ocrx_word' id='word_1_9' title='bbox 816 475 1001 560; x_wconf 76' lang='lat' dir='ltr'><strong>desumpsit</strong></span> <span class='ocrx_word' id='word_1_10' title='bbox 1021 473 1179 540; x_wconf 77' lang='lat' dir='ltr'><strong>Allienus</strong></span> 
     </span>
    </p>

    <p class='ocr_par' dir='ltr' id='par_1_3' title="bbox 185 584 1068 684">
     <span class='ocr_line' id='line_1_3' title="bbox 185 584 1068 684; baseline -0.005 -18"><span class='ocrx_word' id='word_1_11' title='bbox 185 584 188 591; x_wconf 64' lang='grc'>’</span> <span class='ocrx_word' id='word_1_12' title='bbox 254 601 302 666; x_wconf 75' lang='lat' dir='ltr'><strong>ms</strong></span> <span class='ocrx_word' id='word_1_13' title='bbox 323 599 443 666; x_wconf 85' lang='lat' dir='ltr'><strong>studiis</strong></span> <span class='ocrx_word' id='word_1_14' title='bbox 464 617 572 664; x_wconf 84' lang='lat' dir='ltr'><strong>annus</strong></span> <span class='ocrx_word' id='word_1_15' title='bbox 592 601 720 684; x_wconf 89' lang='lat' dir='ltr'><strong>septem</strong></span> <span class='ocrx_word' id='word_1_16' title='bbox 743 597 1068 682; x_wconf 79' lang='lat' dir='ltr'><strong>deditinsenuttque</strong></span> 
     </span>
    </p>

    <p class='ocr_par' dir='ltr' id='par_1_4' title="bbox 255 717 1223 936">
     <span class='ocr_line' id='line_1_4' title="bbox 255 717 1110 804; baseline -0.009 -16"><span class='ocrx_word' id='word_1_17' title='bbox 255 722 366 788; x_wconf 79' lang='lat' dir='ltr'><strong>Libris</strong></span> <span class='ocrx_word' id='word_1_18' title='bbox 388 724 422 786; x_wconf 90' lang='lat' dir='ltr'><strong>et</strong></span> <span class='ocrx_word' id='word_1_19' title='bbox 444 721 555 804; x_wconf 80' lang='lat' dir='ltr'><strong>curis,</strong></span> <span class='ocrx_word' id='word_1_20' title='bbox 576 722 689 784; x_wconf 76' lang='lat' dir='ltr'><strong>mutus</strong></span> <span class='ocrx_word' id='word_1_21' title='bbox 703 717 909 785; x_wconf 80' lang='lat' dir='ltr'><strong>&#39;taciturnius</strong></span> <span class='ocrx_word' id='word_1_22' title='bbox 930 720 1001 782; x_wconf 89' lang='lat' dir='ltr'><strong>exit</strong></span> <span class='ocrx_word' id='word_1_23' title='bbox 1108 741 1110 746; x_wconf 62' lang='grc'>’</span> 
     </span>
     <span class='ocr_line' id='line_1_5' title="bbox 256 837 1223 936; baseline -0.006 -28"><span class='ocrx_word' id='word_1_24' title='bbox 256 843 455 926; x_wconf 81' lang='lat' dir='ltr'><strong>Plerumque</strong></span> <span class='ocrx_word' id='word_1_25' title='bbox 477 843 603 906; x_wconf 81' lang='lat' dir='ltr'><strong>et.·risu</strong></span> <span class='ocrx_word' id='word_1_26' title='bbox 625 840 781 924; x_wconf 88' lang='lat' dir='ltr'><strong>pupulum</strong></span> <span class='ocrx_word' id='word_1_27' title='bbox 804 839 911 924; x_wconf 79' lang='lat' dir='ltr'><strong>quatit</strong></span> <span class='ocrx_word' id='word_1_28' title='bbox 918 857 928 923; x_wconf 84' lang='lat'>3</span> <span class='ocrx_word' id='word_1_29' title='bbox 949 837 1003 904; x_wconf 91' lang='lat' dir='ltr'><strong>hic</strong></span> <span class='ocrx_word' id='word_1_30' title='bbox 1022 856 1091 923; x_wconf 6' lang='lat' dir='ltr'><strong>Regu</strong></span> <span class='ocrx_word' id='word_1_31' title='bbox 1105 855 1223 936; x_wconf 28' lang='lat' dir='ltr'><strong>&#39;rerum</strong></span> 
     </span>
    </p>
   </div>
   <div class='ocr_carea' id='block_1_3' title="bbox 256 953 1341 1045">
    <p class='ocr_par' dir='ltr' id='par_1_5' title="bbox 256 953 1341 1045">
     <span class='ocr_line' id='line_1_6' title="bbox 256 953 1341 1045; baseline -0.011 -17"><span class='ocrx_word' id='word_1_32' title='bbox 256 963 430 1029; x_wconf 75' lang='lat' dir='ltr'><strong>Fluctibus</strong></span> <span class='ocrx_word' id='word_1_33' title='bbox 453 963 487 1030; x_wconf 86' lang='lat' dir='ltr'><strong>in</strong></span> <span class='ocrx_word' id='word_1_34' title='bbox 508 961 624 1026; x_wconf 85' lang='lat' dir='ltr'><strong>mediis</strong></span> <span class='ocrx_word' id='word_1_35' title='bbox 645 964 680 1026; x_wconf 91' lang='lat' dir='ltr'><strong>et</strong></span> <span class='ocrx_word' id='word_1_36' title='bbox 701 958 958 1045; x_wconf 75' lang='lat' dir='ltr'><strong>tempestatibus</strong></span> <span class='ocrx_word' id='word_1_37' title='bbox 979 959 1071 1026; x_wconf 87' lang='lat' dir='ltr'><strong>urbis</strong></span> <span class='ocrx_word' id='word_1_38' title='bbox 1154 995 1155 1002; x_wconf 31' lang='grc' dir='ltr'><em>ι</em></span> <span class='ocrx_word' id='word_1_39' title='bbox 1297 953 1341 1016; x_wconf 77' lang='grc'><strong>8-5</strong></span> 
     </span>
    </p>
   </div>
   <div class='ocr_carea' id='block_1_4' title="bbox 256 1071 1167 1168">
    <p class='ocr_par' dir='ltr' id='par_1_6' title="bbox 256 1071 1167 1168">
     <span class='ocr_line' id='line_1_7' title="bbox 256 1071 1167 1168; baseline -0.005 -19"><span class='ocrx_word' id='word_1_40' title='bbox 256 1084 370 1150; x_wconf 81' lang='lat' dir='ltr'><strong>Verba</strong></span> <span class='ocrx_word' id='word_1_41' title='bbox 390 1084 486 1168; x_wconf 82' lang='lat' dir='ltr'><strong>lyree</strong></span> <span class='ocrx_word' id='word_1_42' title='bbox 507 1085 637 1150; x_wconf 79' lang='lat' dir='ltr'><strong>motura</strong></span> <span class='ocrx_word' id='word_1_43' title='bbox 657 1099 773 1146; x_wconf 89' lang='lat' dir='ltr'><strong>sunum</strong></span> <span class='ocrx_word' id='word_1_44' title='bbox 797 1084 998 1147; x_wconf 80' lang='lat' dir='ltr'><strong>connectere</strong></span> <span class='ocrx_word' id='word_1_45' title='bbox 1020 1071 1167 1165; x_wconf 69' lang='lat' dir='ltr'><strong>digner?</strong></span> 
     </span>
    </p>
   </div>
   <div class='ocr_carea' id='block_1_5' title="bbox 308 1273 1339 1344">
    <p class='ocr_par' dir='ltr' id='par_1_7' title="bbox 308 1257 1439 1364">
     <span class='ocr_line' id='line_1_8' title="bbox 308 1273 1339 1344; baseline -0.005 -16"><span class='ocrx_word' id='word_1_46' title='bbox 308 1279 331 1328; x_wconf 87' lang='lat' dir='ltr'><strong>l.</strong></span> <span class='ocrx_word' id='word_1_47' title='bbox 367 1293 394 1330; x_wconf 83' lang='lat' dir='ltr'><strong>r.</strong></span> <span class='ocrx_word' id='word_1_48' title='bbox 414 1278 458 1330; x_wconf 81' lang='lat'><strong>83.</strong></span> <span class='ocrx_word' id='word_1_49' title='bbox 478 1284 504 1327; x_wconf 85' lang='lat' dir='ltr'><strong>et</strong></span> <span class='ocrx_word' id='word_1_50' title='bbox 522 1278 594 1327; x_wconf 77' lang='lat' dir='ltr'><strong>Curis·</strong></span> <span class='ocrx_word' id='word_1_51' title='bbox 611 1281 702 1328; x_wconf 82' lang='lat' dir='ltr'><strong>statue</strong></span> <span class='ocrx_word' id='word_1_52' title='bbox 721 1277 747 1325; x_wconf 90' lang='lat' dir='ltr'><strong>b.</strong></span> <span class='ocrx_word' id='word_1_53' title='bbox 785 1291 812 1328; x_wconf 87' lang='lat' dir='ltr'><strong>v.</strong></span> <span class='ocrx_word' id='word_1_54' title='bbox 832 1275 876 1326; x_wconf 75' lang='lat' dir='ltr'><strong>et.</strong></span> <span class='ocrx_word' id='word_1_55' title='bbox 895 1273 1221 1344; x_wconf 58' lang='lat' dir='ltr'><strong>camaracenses</strong></span> <span class='ocrx_word' id='word_1_56' title='bbox 1250 1273 1339 1326; x_wconf 69' lang='lat' dir='ltr'><strong>nst.</strong></span> 
     </span>
    </p>
   </div>
   <div class='ocr_carea' id='block_1_6' title="bbox 212 1347 852 1515">
    <p class='ocr_par' dir='ltr' id='par_1_8' title="bbox 212 1347 852 1515">
     <span class='ocr_line' id='line_1_9' title="bbox 212 1347 521 1413; baseline -0.01 -14"><span class='ocrx_word' id='word_1_57' title='bbox 212 1361 214 1365; x_wconf 75' lang='grc'>’</span> <span class='ocrx_word' id='word_1_58' title='bbox 255 1361 341 1413; x_wconf 86' lang='lat' dir='ltr'><strong>usque</strong></span> <span class='ocrx_word' id='word_1_59' title='bbox 359 1349 394 1398; x_wconf 80' lang='lat' dir='ltr'><strong>sd</strong></span> <span class='ocrx_word' id='word_1_60' title='bbox 412 1362 439 1400; x_wconf 83' lang='lat' dir='ltr'><strong>r.</strong></span> <span class='ocrx_word' id='word_1_61' title='bbox 460 1347 521 1397; x_wconf 67' lang='lat'><strong>132.</strong></span> 
     </span>
     <span class='ocr_line' id='line_1_10' title="bbox 229 1453 852 1515; baseline -0.003 -11"><span class='ocrx_word' id='word_1_62' title='bbox 229 1493 231 1496; x_wconf 87' lang='lat'><em>.</em></span> <span class='ocrx_word' id='word_1_63' title='bbox 292 1456 338 1506; x_wconf 76' lang='grc' dir='ltr'><strong>Π.</strong></span> <span class='ocrx_word' id='word_1_64' title='bbox 375 1470 402 1508; x_wconf 83' lang='lat' dir='ltr'><strong>r.</strong></span> <span class='ocrx_word' id='word_1_65' title='bbox 421 1454 465 1505; x_wconf 74' lang='lat'><strong>82.</strong></span> <span class='ocrx_word' id='word_1_66' title='bbox 488 1455 519 1504; x_wconf 83' lang='lat' dir='ltr'><strong>Ut</strong></span> <span class='ocrx_word' id='word_1_67' title='bbox 536 1454 631 1504; x_wconf 81' lang='lat' dir='ltr'><strong>studtts</strong></span> <span class='ocrx_word' id='word_1_68' title='bbox 648 1453 715 1504; x_wconf 83' lang='lat' dir='ltr'><strong>Cod.</strong></span> <span class='ocrx_word' id='word_1_69' title='bbox 736 1453 852 1515; x_wconf 75' lang='lat' dir='ltr'><strong>Freneu.</strong></span> 
     </span>
    </p>
   </div>
   <div class='ocr_carea' id='block_1_7' title="bbox 253 1613 1340 2712">
    <p class='ocr_par' dir='ltr' id='par_1_9' title="bbox 253 1613 1340 2712">
     <span class='ocr_line' id='line_1_11' title="bbox 258 1613 1338 1678; baseline -0.006 -8"><span class='ocrx_word' id='word_1_70' title='bbox 258 1620 324 1670; x_wconf 78' lang='lat' dir='ltr'><strong>ris.»</strong></span> <span class='ocrx_word' id='word_1_71' title='bbox 361 1617 688 1670; x_wconf 80' lang='lat' dir='ltr'><strong>Rectelllrrscusrurcu:</strong></span> <span class='ocrx_word' id='word_1_72' title='bbox 719 1627 779 1664; x_wconf 81' lang='lat' dir='ltr'><strong>ccu-</strong></span> <span class='ocrx_word' id='word_1_73' title='bbox 814 1613 977 1678; x_wconf 78' lang='lat' dir='ltr'><strong>ltcblses&#39;t)</strong></span> <span class='ocrx_word' id='word_1_74' title='bbox 1003 1615 1162 1666; x_wconf 74' lang='lat' dir='ltr'><strong>contraxit.»</strong></span> <span class='ocrx_word' id='word_1_75' title='bbox 1188 1641 1219 1652; x_wconf 95' lang='lat'>—</span> <span class='ocrx_word' id='word_1_76' title='bbox 1249 1613 1338 1678; x_wconf 76' lang='grc' dir='ltr'><em>οατίτ]</em></span> 
     </span>
     <span class='ocr_line' id='line_1_12' title="bbox 256 1693 1338 1760; baseline -0.002 -12"><span class='ocrx_word' id='word_1_77' title='bbox 256 1695 359 1760; x_wconf 81' lang='lat' dir='ltr'><strong>tractu]</strong></span> <span class='ocrx_word' id='word_1_78' title='bbox 376 1703 465 1754; x_wconf 76' lang='lat' dir='ltr'><strong>«urle,</strong></span> <span class='ocrx_word' id='word_1_79' title='bbox 480 1695 778 1746; x_wconf 80' lang='lat' dir='ltr'><strong>nundumimitrturum</strong></span> <span class='ocrx_word' id='word_1_80' title='bbox 816 1695 964 1757; x_wconf 82' lang='lat' dir='ltr'><strong>«diligente</strong></span> <span class='ocrx_word' id='word_1_81' title='bbox 972 1695 1162 1754; x_wconf 75' lang='lat' dir='ltr'><strong>meditatione,</strong></span> <span class='ocrx_word' id='word_1_82' title='bbox 1172 1693 1338 1758; x_wconf 78' lang='grc' dir='ltr'><strong><em>μελέταις.»</em></strong></span> 
     </span>
     <span class='ocr_line' id='line_1_13' title="bbox 255 1772 1339 1840; baseline -0.003 -13"><span class='ocrx_word' id='word_1_83' title='bbox 255 1778 334 1828; x_wconf 80' lang='lat' dir='ltr'><strong>turha</strong></span> <span class='ocrx_word' id='word_1_84' title='bbox 352 1777 463 1840; x_wconf 80' lang='lat' dir='ltr'><strong>protrita</strong></span> <span class='ocrx_word' id='word_1_85' title='bbox 480 1789 512 1825; x_wconf 83' lang='lat' dir='ltr'><strong>sc</strong></span> <span class='ocrx_word' id='word_1_86' title='bbox 526 1775 664 1824; x_wconf 42' lang='lat' dir='ltr'><strong>dilatatus»</strong></span> <span class='ocrx_word' id='word_1_87' title='bbox 685 1797 716 1808; x_wconf 96' lang='lat'><em>-</em></span> <span class='ocrx_word' id='word_1_88' title='bbox 735 1774 779 1821; x_wconf 83' lang='grc' dir='ltr'><strong>Ιπ-</strong></span> <span class='ocrx_word' id='word_1_89' title='bbox 817 1799 846 1810; x_wconf 91' lang='grc'><strong>-</strong></span> <span class='ocrx_word' id='word_1_90' title='bbox 857 1779 949 1824; x_wconf 83' lang='lat' dir='ltr'><strong>statua</strong></span> <span class='ocrx_word' id='word_1_91' title='bbox 959 1772 1131 1836; x_wconf 77' lang='lat' dir='ltr'><strong>taciturnius]</strong></span> <span class='ocrx_word' id='word_1_92' title='bbox 1146 1774 1339 1824; x_wconf 72' lang='lat' dir='ltr'><strong>«meditatione</strong></span> 
     </span>
     <span class='ocr_line' id='line_1_14' title="bbox 255 1850 1340 1920; baseline -0.003 -15"><span class='ocrx_word' id='word_1_93' title='bbox 255 1851 374 1920; x_wconf 76' lang='lat' dir='ltr'><strong>pentum]</strong></span> <span class='ocrx_word' id='word_1_94' title='bbox 394 1854 499 1915; x_wconf 84' lang='lat' dir='ltr'><strong>«Quid,</strong></span> <span class='ocrx_word' id='word_1_95' title='bbox 518 1852 592 1916; x_wconf 88' lang='lat' dir='ltr'><strong>quod</strong></span> <span class='ocrx_word' id='word_1_96' title='bbox 613 1863 693 1914; x_wconf 80' lang='lat' dir='ltr'><strong>saepe</strong></span> <span class='ocrx_word' id='word_1_97' title='bbox 706 1850 779 1901; x_wconf 76' lang='lat' dir='ltr'><strong>uide·</strong></span> <span class='ocrx_word' id='word_1_98' title='bbox 812 1853 1340 1917; x_wconf 67' lang='lat' dir='ltr'><strong>,persaepeabsorptumproditinpubli·</strong></span> 
     </span>
     <span class='ocr_line' id='line_1_15' title="bbox 254 1931 1340 1998; baseline -0.003 -15"><span class='ocrx_word' id='word_1_99' title='bbox 254 1945 316 1998; x_wconf 83' lang='lat' dir='ltr'><strong>mus</strong></span> <span class='ocrx_word' id='word_1_100' title='bbox 338 1945 385 1982; x_wconf 89' lang='lat' dir='ltr'><strong>eos</strong></span> <span class='ocrx_word' id='word_1_101' title='bbox 405 1933 498 1995; x_wconf 82' lang='lat' dir='ltr'><strong>ipsos,</strong></span> <span class='ocrx_word' id='word_1_102' title='bbox 529 1931 576 1994; x_wconf 85' lang='lat' dir='ltr'><strong>qui</strong></span> <span class='ocrx_word' id='word_1_103' title='bbox 597 1945 645 1993; x_wconf 92' lang='lat' dir='ltr'><strong>per</strong></span> <span class='ocrx_word' id='word_1_104' title='bbox 666 1931 778 1991; x_wconf 79' lang='lat' dir='ltr'><strong>longum</strong></span> <span class='ocrx_word' id='word_1_105' title='bbox 816 1945 878 1982; x_wconf 90' lang='lat' dir='ltr'><strong>cum</strong></span> <span class='ocrx_word' id='word_1_106' title='bbox 894 1938 920 1983; x_wconf 89' lang='lat' dir='ltr'><strong>et</strong></span> <span class='ocrx_word' id='word_1_107' title='bbox 937 1933 1006 1982; x_wconf 81' lang='lat' dir='ltr'><strong>mira</strong></span> <span class='ocrx_word' id='word_1_108' title='bbox 1020 1946 1069 1983; x_wconf 80' lang='lat' dir='ltr'><strong>sus</strong></span> <span class='ocrx_word' id='word_1_109' title='bbox 1086 1933 1268 1983; x_wconf 78' lang='lat' dir='ltr'><strong>taciturnitate</strong></span> <span class='ocrx_word' id='word_1_110' title='bbox 1279 1933 1340 1983; x_wconf 86' lang='lat' dir='ltr'><strong>&#39;rol-</strong></span> 
     </span>
     <span class='ocr_line' id='line_1_16' title="bbox 257 2008 1339 2076; baseline 0 -15"><span class='ocrx_word' id='word_1_111' title='bbox 257 2016 365 2074; x_wconf 91' lang='lat' dir='ltr'><strong>tempus</strong></span> <span class='ocrx_word' id='word_1_112' title='bbox 385 2011 413 2059; x_wconf 91' lang='lat' dir='ltr'><strong>in</strong></span> <span class='ocrx_word' id='word_1_113' title='bbox 435 2010 496 2060; x_wconf 83' lang='lat' dir='ltr'><strong>locu</strong></span> <span class='ocrx_word' id='word_1_114' title='bbox 518 2011 552 2059; x_wconf 84' lang='lat' dir='ltr'><strong>ub</strong></span> <span class='ocrx_word' id='word_1_115' title='bbox 572 2009 647 2059; x_wconf 91' lang='lat' dir='ltr'><strong>omni</strong></span> <span class='ocrx_word' id='word_1_116' title='bbox 665 2008 778 2070; x_wconf 83' lang='lat' dir='ltr'><strong>strepitu</strong></span> <span class='ocrx_word' id='word_1_117' title='bbox 816 2017 898 2075; x_wconf 84' lang='lat' dir='ltr'><strong>tuque</strong></span> <span class='ocrx_word' id='word_1_118' title='bbox 913 2017 1052 2062; x_wconf 79' lang='lat' dir='ltr'><strong>contrecto</strong></span> <span class='ocrx_word' id='word_1_119' title='bbox 1074 2013 1175 2076; x_wconf 86' lang='lat' dir='ltr'><strong>popelli</strong></span> <span class='ocrx_word' id='word_1_120' title='bbox 1193 2013 1339 2062; x_wconf 80' lang='lat' dir='ltr'><strong>cachinne-</strong></span> 
     </span>
     <span class='ocr_line' id='line_1_17' title="bbox 255 2089 1337 2154; baseline -0.002 -16"><span class='ocrx_word' id='word_1_121' title='bbox 255 2103 343 2142; x_wconf 81' lang='lat' dir='ltr'><strong>vscuu</strong></span> <span class='ocrx_word' id='word_1_122' title='bbox 365 2094 401 2138; x_wconf 72' lang='lat' dir='ltr'><strong>&#39;et</strong></span> <span class='ocrx_word' id='word_1_123' title='bbox 432 2089 619 2152; x_wconf 81' lang='lat' dir='ltr'><strong>quietissime,</strong></span> <span class='ocrx_word' id='word_1_124' title='bbox 660 2092 690 2137; x_wconf 92' lang='lat' dir='ltr'><strong>ut</strong></span> <span class='ocrx_word' id='word_1_125' title='bbox 716 2093 779 2141; x_wconf 80' lang='lat' dir='ltr'><strong>sunt</strong></span> <span class='ocrx_word' id='word_1_126' title='bbox 815 2091 1044 2146; x_wconf 82' lang='lat' dir='ltr'><strong>lionemmovet.n</strong></span> <span class='ocrx_word' id='word_1_127' title='bbox 1064 2091 1337 2154; x_wconf 75' lang='lat' dir='ltr'><strong>Luciun.}mugg.1:</strong></span> 
     </span>
     <span class='ocr_line' id='line_1_18' title="bbox 255 2166 1339 2242; baseline -0.001 -24"><span class='ocrx_word' id='word_1_128' title='bbox 255 2168 388 2228; x_wconf 75' lang='lat' dir='ltr'><strong>Athenae,</strong></span> <span class='ocrx_word' id='word_1_129' title='bbox 409 2180 547 2218; x_wconf 89' lang='lat' dir='ltr'><strong>summum</strong></span> <span class='ocrx_word' id='word_1_130' title='bbox 566 2181 614 2231; x_wconf 89' lang='lat' dir='ltr'><strong>per</strong></span> <span class='ocrx_word' id='word_1_131' title='bbox 630 2168 715 2218; x_wconf 89' lang='lat' dir='ltr'><strong>utinm</strong></span> <span class='ocrx_word' id='word_1_132' title='bbox 737 2166 778 2216; x_wconf 88' lang='lat' dir='ltr'><strong>lit·</strong></span> <span class='ocrx_word' id='word_1_133' title='bbox 815 2166 912 2238; x_wconf 80' lang='grc' dir='ltr'><em>ἀχανῆ</em></span> <span class='ocrx_word' id='word_1_134' title='bbox 937 2186 972 2222; x_wconf 80' lang='grc' dir='ltr'><strong>σε</strong></span> <span class='ocrx_word' id='word_1_135' title='bbox 999 2172 1049 2222; x_wconf 78' lang='grc' dir='ltr'><strong>καί</strong></span> <span class='ocrx_word' id='word_1_136' title='bbox 1072 2170 1132 2222; x_wconf 79' lang='grc' dir='ltr'><strong>τῶν</strong></span> <span class='ocrx_word' id='word_1_137' title='bbox 1156 2166 1339 2242; x_wconf 73' lang='grc' dir='ltr'><em>ἀνδριάντων</em></span> 
     </span>
     <span class='ocr_line' id='line_1_19' title="bbox 254 2244 1339 2321; baseline -0.001 -24"><span class='ocrx_word' id='word_1_138' title='bbox 254 2247 338 2307; x_wconf 89' lang='lat' dir='ltr'><strong>teris,</strong></span> <span class='ocrx_word' id='word_1_139' title='bbox 376 2247 451 2310; x_wconf 71' lang='lat' dir='ltr'><strong>poesi</strong></span> <span class='ocrx_word' id='word_1_140' title='bbox 480 2247 508 2296; x_wconf 90' lang='lat' dir='ltr'><strong>in</strong></span> <span class='ocrx_word' id='word_1_141' title='bbox 538 2247 650 2310; x_wconf 89' lang='lat' dir='ltr'><strong>primis,</strong></span> <span class='ocrx_word' id='word_1_142' title='bbox 681 2257 778 2298; x_wconf 80' lang='lat' dir='ltr'><strong>vacare</strong></span> <span class='ocrx_word' id='word_1_143' title='bbox 815 2244 1028 2321; x_wconf 75' lang='grc' dir='ltr'><em>ἀκινητότερον</em></span> <span class='ocrx_word' id='word_1_144' title='bbox 1055 2244 1216 2312; x_wconf 75' lang='grc' dir='ltr'><em>ἀποφανεῖ.</em></span> <span class='ocrx_word' id='word_1_145' title='bbox 1261 2247 1339 2298; x_wconf 85' lang='lat' dir='ltr'><strong>Pluto</strong></span> 
     </span>
     <span class='ocr_line' id='line_1_20' title="bbox 253 2325 1337 2398; baseline 0.002 -22"><span class='ocrx_word' id='word_1_146' title='bbox 253 2331 417 2390; x_wconf 78' lang='lat' dir='ltr'><strong>potuerunt,</strong></span> <span class='ocrx_word' id='word_1_147' title='bbox 437 2339 493 2375; x_wconf 88' lang='lat' dir='ltr'><strong>non</strong></span> <span class='ocrx_word' id='word_1_148' title='bbox 515 2340 548 2376; x_wconf 88' lang='lat' dir='ltr'><strong>eo</strong></span> <span class='ocrx_word' id='word_1_149' title='bbox 570 2325 730 2389; x_wconf 85' lang='lat' dir='ltr'><strong>pervenire,</strong></span> <span class='ocrx_word' id='word_1_150' title='bbox 750 2329 779 2372; x_wconf 86' lang='lat' dir='ltr'><strong>ut</strong></span> <span class='ocrx_word' id='word_1_151' title='bbox 816 2329 927 2378; x_wconf 85' lang='lat' dir='ltr'><strong>Theset.</strong></span> <span class='ocrx_word' id='word_1_152' title='bbox 953 2343 980 2392; x_wconf 93' lang='lat' dir='ltr'><strong>p.</strong></span> <span class='ocrx_word' id='word_1_153' title='bbox 995 2327 1056 2378; x_wconf 68' lang='lat'><strong>174.</strong></span> <span class='ocrx_word' id='word_1_154' title='bbox 1076 2327 1126 2378; x_wconf 74' lang='lat' dir='ltr'><strong>c:</strong></span> <span class='ocrx_word' id='word_1_155' title='bbox 1159 2325 1337 2398; x_wconf 74' lang='grc' dir='ltr'><em>Τοιγάρτοι,</em></span> 
     </span>
     <span class='ocr_line' id='line_1_21' title="bbox 254 2399 1337 2476; baseline 0.001 -20"><span class='ocrx_word' id='word_1_156' title='bbox 254 2405 283 2456; x_wconf 88' lang='lat' dir='ltr'><strong>lu</strong></span> <span class='ocrx_word' id='word_1_157' title='bbox 314 2405 414 2455; x_wconf 83' lang='lat' dir='ltr'><strong>Urbem</strong></span> <span class='ocrx_word' id='word_1_158' title='bbox 437 2406 539 2456; x_wconf 83' lang='lat' dir='ltr'><strong>reversi</strong></span> <span class='ocrx_word' id='word_1_159' title='bbox 564 2419 627 2454; x_wconf 88' lang='lat' dir='ltr'><strong>cum</strong></span> <span class='ocrx_word' id='word_1_160' title='bbox 651 2417 778 2457; x_wconf 86' lang='lat' dir='ltr'><strong>successu</strong></span> <span class='ocrx_word' id='word_1_161' title='bbox 814 2401 943 2472; x_wconf 74' lang='grc' dir='ltr'><em>ἀφίλε,</em></span> <span class='ocrx_word' id='word_1_162' title='bbox 963 2406 1022 2476; x_wconf 75' lang='grc' dir='ltr'><strong>ἰδίᾳ</strong></span> <span class='ocrx_word' id='word_1_163' title='bbox 1038 2422 1070 2458; x_wconf 77' lang='grc' dir='ltr'><strong>τε</strong></span> <span class='ocrx_word' id='word_1_164' title='bbox 1086 2399 1337 2473; x_wconf 75' lang='grc' dir='ltr'><em>ξυγγινόμενοςὸ</em></span> 
     </span>
     <span class='ocr_line' id='line_1_22' title="bbox 258 2477 1337 2551; baseline 0 -17"><span class='ocrx_word' id='word_1_165' title='bbox 258 2489 285 2534; x_wconf 86' lang='lat' dir='ltr'><strong>et</strong></span> <span class='ocrx_word' id='word_1_166' title='bbox 319 2477 492 2548; x_wconf 78' lang='lat' dir='ltr'><strong>popularium</strong></span> <span class='ocrx_word' id='word_1_167' title='bbox 526 2484 657 2547; x_wconf 75' lang='lat' dir='ltr'><strong>applausu</strong></span> <span class='ocrx_word' id='word_1_168' title='bbox 683 2483 778 2546; x_wconf 73' lang='lat' dir='ltr'><strong>petsin</strong></span> <span class='ocrx_word' id='word_1_169' title='bbox 815 2487 953 2548; x_wconf 64' lang='grc' dir='ltr'><strong>τοιοῦτος</strong></span> <span class='ocrx_word' id='word_1_170' title='bbox 979 2481 1110 2548; x_wconf 80' lang='grc' dir='ltr'><em>(σοφὸς)</em></span> <span class='ocrx_word' id='word_1_171' title='bbox 1141 2482 1259 2551; x_wconf 74' lang='grc' dir='ltr'><em>ἑκάστῳ</em></span> <span class='ocrx_word' id='word_1_172' title='bbox 1286 2485 1337 2534; x_wconf 79' lang='grc' dir='ltr'><strong>καί</strong></span> 
     </span>
     <span class='ocr_line' id='line_1_23' title="bbox 256 2559 1338 2634; baseline -0.003 -22"><span class='ocrx_word' id='word_1_173' title='bbox 256 2562 366 2624; x_wconf 83' lang='lat' dir='ltr'><strong>colunt,</strong></span> <span class='ocrx_word' id='word_1_174' title='bbox 399 2565 447 2613; x_wconf 89' lang='lat' dir='ltr'><strong>sed</strong></span> <span class='ocrx_word' id='word_1_175' title='bbox 478 2576 559 2625; x_wconf 79' lang='lat' dir='ltr'><strong>saepe</strong></span> <span class='ocrx_word' id='word_1_176' title='bbox 593 2562 702 2612; x_wconf 87' lang='lat' dir='ltr'><strong>sibimet</strong></span> <span class='ocrx_word' id='word_1_177' title='bbox 727 2561 777 2623; x_wconf 90' lang='lat' dir='ltr'><strong>ipsi</strong></span> <span class='ocrx_word' id='word_1_178' title='bbox 813 2563 962 2632; x_wconf 70' lang='grc' dir='ltr'><em>δημοσίᾳ,</em></span> <span class='ocrx_word' id='word_1_179' title='bbox 993 2559 1067 2616; x_wconf 83' lang='grc' dir='ltr'><em>ὅταν</em></span> <span class='ocrx_word' id='word_1_180' title='bbox 1082 2561 1118 2634; x_wconf 78' lang='grc' dir='ltr'><strong>Ιἐν</strong></span> <span class='ocrx_word' id='word_1_181' title='bbox 1139 2561 1338 2633; x_wconf 76' lang='grc' dir='ltr'><em>δικαστηρίῳ,</em></span> 
     </span>
     <span class='ocr_line' id='line_1_24' title="bbox 255 2635 1337 2712; baseline -0.001 -20"><span class='ocrx_word' id='word_1_182' title='bbox 255 2641 432 2705; x_wconf 79' lang='lat' dir='ltr'><strong>displicentes</strong></span> <span class='ocrx_word' id='word_1_183' title='bbox 462 2655 494 2691; x_wconf 85' lang='lat' dir='ltr'><strong>sc</strong></span> <span class='ocrx_word' id='word_1_184' title='bbox 520 2641 607 2691; x_wconf 89' lang='lat' dir='ltr'><strong>timidi</strong></span> <span class='ocrx_word' id='word_1_185' title='bbox 639 2640 777 2690; x_wconf 85' lang='lat' dir='ltr'><strong>silentium</strong></span> <span class='ocrx_word' id='word_1_186' title='bbox 815 2638 835 2709; x_wconf 74' lang='grc' dir='ltr'><em>ἤ</em></span> <span class='ocrx_word' id='word_1_187' title='bbox 857 2657 913 2694; x_wconf 87' lang='grc' dir='ltr'><strong>που</strong></span> <span class='ocrx_word' id='word_1_188' title='bbox 934 2636 1039 2692; x_wconf 61' lang='grc' dir='ltr'><em>ἄλλοθι</em></span> <span class='ocrx_word' id='word_1_189' title='bbox 1057 2635 1240 2712; x_wconf 66' lang='grc' dir='ltr'><em>ἀναγπασθῂ</em></span> <span class='ocrx_word' id='word_1_190' title='bbox 1271 2642 1337 2712; x_wconf 76' lang='grc' dir='ltr'><strong>περὶ</strong></span> 
     </span>
    </p>
   </div>
   <div class='ocr_carea' id='block_1_8' title="bbox 254 2717 1439 2790">
    <p class='ocr_par' dir='ltr' id='par_1_10' title="bbox 254 2717 1439 2790">
     <span class='ocr_line' id='line_1_25' title="bbox 254 2717 1439 2790; baseline -0.001 -20"><span class='ocrx_word' id='word_1_191' title='bbox 254 2720 461 2780; x_wconf 82' lang='lat' dir='ltr'><strong>serreut‚udeo</strong></span> <span class='ocrx_word' id='word_1_192' title='bbox 476 2726 505 2769; x_wconf 92' lang='lat' dir='ltr'><strong>ut</strong></span> <span class='ocrx_word' id='word_1_193' title='bbox 520 2719 672 2782; x_wconf 90' lang='lat' dir='ltr'><strong>simplicem</strong></span> <span class='ocrx_word' id='word_1_194' title='bbox 682 2731 778 2768; x_wconf 89' lang='lat' dir='ltr'><strong>eorum</strong></span> <span class='ocrx_word' id='word_1_195' title='bbox 815 2721 872 2772; x_wconf 80' lang='grc' dir='ltr'><strong>τῶν</strong></span> <span class='ocrx_word' id='word_1_196' title='bbox 900 2717 979 2790; x_wconf 82' lang='grc' dir='ltr'><em>παρὰ</em></span> <span class='ocrx_word' id='word_1_197' title='bbox 1014 2719 1112 2783; x_wconf 79' lang='grc' dir='ltr'><em>πόδας</em></span> <span class='ocrx_word' id='word_1_198' title='bbox 1135 2721 1186 2771; x_wconf 86' lang='grc' dir='ltr'><strong>καί</strong></span> <span class='ocrx_word' id='word_1_199' title='bbox 1215 2719 1275 2772; x_wconf 81' lang='grc' dir='ltr'><strong>τῶν</strong></span> <span class='ocrx_word' id='word_1_200' title='bbox 1305 2719 1338 2770; x_wconf 84' lang='grc' dir='ltr'><strong>ἐν</strong></span> <span class='ocrx_word' id='word_1_201' title='bbox 1438 2781 1439 2784; x_wconf 9' lang='lat'>¹</span> 
     </span>
    </p>
   </div>
   <div class='ocr_carea' id='block_1_9' title="bbox 249 2793 1338 4206">
    <p class='ocr_par' dir='ltr' id='par_1_11' title="bbox 253 2793 1338 3412">
     <span class='ocr_line' id='line_1_26' title="bbox 253 2793 1338 2866; baseline 0 -18"><span class='ocrx_word' id='word_1_202' title='bbox 253 2799 425 2866; x_wconf 77' lang='lat' dir='ltr'><strong>timiditatem</strong></span> <span class='ocrx_word' id='word_1_203' title='bbox 436 2798 531 2860; x_wconf 80' lang='lat' dir='ltr'><strong>volgus</strong></span> <span class='ocrx_word' id='word_1_204' title='bbox 541 2798 661 2857; x_wconf 71' lang='lat' dir='ltr'><strong>irrideam</strong></span> <span class='ocrx_word' id='word_1_205' title='bbox 676 2802 777 2860; x_wconf 78' lang='lat' dir='ltr'><strong>quanto</strong></span> <span class='ocrx_word' id='word_1_206' title='bbox 813 2793 983 2864; x_wconf 67' lang='grc' dir='ltr'><em>ὀφθαλμοῖς</em></span> <span class='ocrx_word' id='word_1_207' title='bbox 999 2797 1200 2865; x_wconf 55' lang='grc' dir='ltr'><strong>διαλέγεσθαι,</strong></span> <span class='ocrx_word' id='word_1_208' title='bbox 1224 2797 1338 2864; x_wconf 75' lang='grc' dir='ltr'><em>γέλωτα</em></span> 
     </span>
     <span class='ocr_line' id='line_1_27' title="bbox 253 2872 1338 2949; baseline 0.002 -23"><span class='ocrx_word' id='word_1_209' title='bbox 253 2878 344 2926; x_wconf 89' lang='lat' dir='ltr'><strong>rulnus</strong></span> <span class='ocrx_word' id='word_1_210' title='bbox 353 2889 404 2938; x_wconf 84' lang='lat' dir='ltr'><strong>ego</strong></span> <span class='ocrx_word' id='word_1_211' title='bbox 413 2877 440 2925; x_wconf 89' lang='lat' dir='ltr'><strong>in</strong></span> <span class='ocrx_word' id='word_1_212' title='bbox 449 2878 491 2926; x_wconf 87' lang='lat' dir='ltr'><strong>his</strong></span> <span class='ocrx_word' id='word_1_213' title='bbox 502 2877 639 2939; x_wconf 89' lang='lat' dir='ltr'><strong>perpetuis</strong></span> <span class='ocrx_word' id='word_1_214' title='bbox 646 2876 776 2925; x_wconf 84' lang='lat' dir='ltr'><strong>molestiis</strong></span> <span class='ocrx_word' id='word_1_215' title='bbox 813 2879 934 2949; x_wconf 77' lang='grc' dir='ltr'><em>παρέχει</em></span> <span class='ocrx_word' id='word_1_216' title='bbox 949 2873 986 2929; x_wconf 85' lang='grc' dir='ltr'><strong>ου’</strong></span> <span class='ocrx_word' id='word_1_217' title='bbox 997 2875 1094 2941; x_wconf 86' lang='grc' dir='ltr'><em>μόνον</em></span> <span class='ocrx_word' id='word_1_218' title='bbox 1102 2874 1267 2948; x_wconf 77' lang='grc' dir='ltr'><em>Θρᾴτταις,</em></span> <span class='ocrx_word' id='word_1_219' title='bbox 1289 2872 1338 2927; x_wconf 81' lang='grc' dir='ltr'><strong>άλ-</strong></span> 
     </span>
     <span class='ocr_line' id='line_1_28' title="bbox 253 2949 1338 3028; baseline 0.002 -24"><span class='ocrx_word' id='word_1_220' title='bbox 253 2955 394 3018; x_wconf 86' lang='lat' dir='ltr'><strong>turbisque</strong></span> <span class='ocrx_word' id='word_1_221' title='bbox 415 2959 509 3017; x_wconf 86' lang='lat' dir='ltr'><strong>pclere</strong></span> <span class='ocrx_word' id='word_1_222' title='bbox 534 2953 698 3018; x_wconf 78' lang='lat' dir='ltr'><strong>componere</strong></span> <span class='ocrx_word' id='word_1_223' title='bbox 719 2968 777 3004; x_wconf 82' lang='lat' dir='ltr'><strong>cnr·</strong></span> <span class='ocrx_word' id='word_1_224' title='bbox 813 2956 849 3008; x_wconf 76' lang='lat' dir='ltr'><strong>m</strong></span> <span class='ocrx_word' id='word_1_225' title='bbox 867 2957 919 3006; x_wconf 82' lang='grc' dir='ltr'><strong>καί</strong></span> <span class='ocrx_word' id='word_1_226' title='bbox 935 2955 974 3024; x_wconf 80' lang='grc' dir='ltr'><strong>τῴ</strong></span> <span class='ocrx_word' id='word_1_227' title='bbox 985 2949 1172 3023; x_wconf 72' lang='grc' dir='ltr'><em>ἅλλῳάχλῳ,</em></span> <span class='ocrx_word' id='word_1_228' title='bbox 1192 2957 1235 3020; x_wconf 78' lang='grc' dir='ltr'><strong>εἰς</strong></span> <span class='ocrx_word' id='word_1_229' title='bbox 1246 2957 1338 3028; x_wconf 80' lang='grc' dir='ltr'><em>φρέα-</em></span> 
     </span>
     <span class='ocr_line' id='line_1_29' title="bbox 253 3029 1337 3104; baseline 0.003 -22"><span class='ocrx_word' id='word_1_230' title='bbox 253 3033 329 3082; x_wconf 86' lang='lat' dir='ltr'><strong>tnins</strong></span> <span class='ocrx_word' id='word_1_231' title='bbox 353 3033 420 3082; x_wconf 89' lang='lat' dir='ltr'><strong>mihi</strong></span> <span class='ocrx_word' id='word_1_232' title='bbox 439 3033 490 3097; x_wconf 89' lang='lat' dir='ltr'><strong>ipsi</strong></span> <span class='ocrx_word' id='word_1_233' title='bbox 513 3035 577 3084; x_wconf 87' lang='lat' dir='ltr'><strong>sutis</strong></span> <span class='ocrx_word' id='word_1_234' title='bbox 601 3033 775 3084; x_wconf 77' lang='lat' dir='ltr'><strong>iacientiuts</strong></span> <span class='ocrx_word' id='word_1_235' title='bbox 814 3033 850 3086; x_wconf 86' lang='grc' dir='ltr'><strong>τοί</strong></span> <span class='ocrx_word' id='word_1_236' title='bbox 876 3042 907 3086; x_wconf 71' lang='grc' dir='ltr'><strong>τί</strong></span> <span class='ocrx_word' id='word_1_237' title='bbox 932 3035 983 3086; x_wconf 83' lang='grc' dir='ltr'><strong>καί</strong></span> <span class='ocrx_word' id='word_1_238' title='bbox 1006 3033 1105 3084; x_wconf 83' lang='grc' dir='ltr'><em>πᾶσαν</em></span> <span class='ocrx_word' id='word_1_239' title='bbox 1134 3029 1264 3104; x_wconf 79' lang='grc' dir='ltr'><em>ἀπορίαν</em></span> <span class='ocrx_word' id='word_1_240' title='bbox 1288 3033 1337 3098; x_wconf 82' lang='grc' dir='ltr'><strong>ἑμ-</strong></span> 
     </span>
     <span class='ocr_line' id='line_1_30' title="bbox 253 3106 1338 3186; baseline 0.003 -25"><span class='ocrx_word' id='word_1_241' title='bbox 253 3110 310 3161; x_wconf 80' lang='lat' dir='ltr'><strong>Gir.</strong></span> <span class='ocrx_word' id='word_1_242' title='bbox 325 3112 420 3162; x_wconf 77' lang='lat' dir='ltr'><strong>lecubs</strong></span> <span class='ocrx_word' id='word_1_243' title='bbox 433 3112 518 3162; x_wconf 87' lang='lat' dir='ltr'><strong>Lectt.</strong></span> <span class='ocrx_word' id='word_1_244' title='bbox 537 3113 607 3164; x_wconf 75' lang='lat' dir='ltr'><strong>Vsu.</strong></span> <span class='ocrx_word' id='word_1_245' title='bbox 626 3127 653 3176; x_wconf 92' lang='lat' dir='ltr'><strong>p.</strong></span> <span class='ocrx_word' id='word_1_246' title='bbox 667 3112 728 3163; x_wconf 73' lang='lat'><strong>200.</strong></span> <span class='ocrx_word' id='word_1_247' title='bbox 746 3137 772 3150; x_wconf 92' lang='lat'><strong>·-</strong></span> <span class='ocrx_word' id='word_1_248' title='bbox 812 3115 923 3166; x_wconf 80' lang='grc' dir='ltr'><em>πίπτων</em></span> <span class='ocrx_word' id='word_1_249' title='bbox 933 3107 992 3164; x_wconf 81' lang='grc' dir='ltr'><strong>ὑπὸ</strong></span> <span class='ocrx_word' id='word_1_250' title='bbox 999 3107 1146 3186; x_wconf 80' lang='grc' dir='ltr'><em>ἀπειρίας,</em></span> <span class='ocrx_word' id='word_1_251' title='bbox 1159 3107 1235 3178; x_wconf 72' lang='grc' dir='ltr'><strong>ναίὴ</strong></span> <span class='ocrx_word' id='word_1_252' title='bbox 1245 3106 1338 3177; x_wconf 82' lang='grc' dir='ltr'><em>ἀσχη-</em></span> 
     </span>
     <span class='ocr_line' id='line_1_31' title="bbox 253 3185 1338 3261; baseline 0.002 -21"><span class='ocrx_word' id='word_1_253' title='bbox 253 3188 369 3254; x_wconf 74' lang='lat' dir='ltr'><strong>causus]</strong></span> <span class='ocrx_word' id='word_1_254' title='bbox 401 3192 535 3253; x_wconf 74' lang='lat' dir='ltr'><strong>«otiosas,</strong></span> <span class='ocrx_word' id='word_1_255' title='bbox 567 3193 716 3256; x_wconf 77' lang='lat' dir='ltr'><strong>quietus,»</strong></span> <span class='ocrx_word' id='word_1_256' title='bbox 747 3198 776 3243; x_wconf 87' lang='lat' dir='ltr'><strong>ut</strong></span> <span class='ocrx_word' id='word_1_257' title='bbox 810 3187 1041 3258; x_wconf 77' lang='grc' dir='ltr'><em>μοσύνηδοινή,</em></span> <span class='ocrx_word' id='word_1_258' title='bbox 1060 3185 1338 3261; x_wconf 72' lang='grc' dir='ltr'><em>δόξανάβελτηρίνς</em></span> 
     </span>
     <span class='ocr_line' id='line_1_32' title="bbox 253 3269 1337 3342; baseline 0.002 -24"><span class='ocrx_word' id='word_1_259' title='bbox 253 3269 323 3333; x_wconf 83' lang='lat' dir='ltr'><strong>lipp.</strong></span> <span class='ocrx_word' id='word_1_260' title='bbox 339 3272 365 3332; x_wconf 90' lang='lat'><strong>1,</strong></span> <span class='ocrx_word' id='word_1_261' title='bbox 384 3271 411 3333; x_wconf 79' lang='lat'><strong>7,</strong></span> <span class='ocrx_word' id='word_1_262' title='bbox 431 3271 481 3322; x_wconf 78' lang='lat' dir='ltr'><strong>ts:</strong></span> <span class='ocrx_word' id='word_1_263' title='bbox 500 3285 611 3322; x_wconf 76' lang='lat' dir='ltr'><strong>cautum</strong></span> <span class='ocrx_word' id='word_1_264' title='bbox 632 3273 722 3323; x_wconf 69' lang='lat' dir='ltr'><strong>Tuber.</strong></span> <span class='ocrx_word' id='word_1_265' title='bbox 811 3272 990 3342; x_wconf 79' lang='grc' dir='ltr'><em>παρέχουσα.</em></span> <span class='ocrx_word' id='word_1_266' title='bbox 1027 3271 1092 3320; x_wconf 72' lang='lat' dir='ltr'><strong>Emit</strong></span> <span class='ocrx_word' id='word_1_267' title='bbox 1114 3274 1205 3323; x_wconf 80' lang='lat' dir='ltr'><strong>sutem</strong></span> <span class='ocrx_word' id='word_1_268' title='bbox 1226 3270 1337 3320; x_wconf 83' lang='lat' dir='ltr'><strong>tscitur·</strong></span> 
     </span>
     <span class='ocr_line' id='line_1_33' title="bbox 619 3343 1337 3412; baseline 0 -15"><span class='ocrx_word' id='word_1_269' title='bbox 619 3357 621 3362; x_wconf 86' lang='lat'>·</span> <span class='ocrx_word' id='word_1_270' title='bbox 813 3362 864 3398; x_wconf 92' lang='lat' dir='ltr'><strong>nus</strong></span> <span class='ocrx_word' id='word_1_271' title='bbox 883 3349 928 3398; x_wconf 87' lang='lat' dir='ltr'><strong>hle</strong></span> <span class='ocrx_word' id='word_1_272' title='bbox 951 3349 1031 3412; x_wconf 79' lang='lat' dir='ltr'><strong>po&#39;ets</strong></span> <span class='ocrx_word' id='word_1_273' title='bbox 1055 3362 1111 3400; x_wconf 90' lang='lat' dir='ltr'><strong>uon</strong></span> <span class='ocrx_word' id='word_1_274' title='bbox 1131 3347 1267 3410; x_wconf 76' lang='lat' dir='ltr'><strong>Athenis,</strong></span> <span class='ocrx_word' id='word_1_275' title='bbox 1296 3343 1337 3412; x_wconf 87' lang='lat' dir='ltr'><strong>(ut</strong></span> 
     </span>
    </p>

    <p class='ocr_par' dir='ltr' id='par_1_12' title="bbox 249 3425 1337 4206">
     <span class='ocr_line' id='line_1_34' title="bbox 286 3425 1334 3502; baseline 0.001 -25"><span class='ocrx_word' id='word_1_276' title='bbox 286 3425 413 3480; x_wconf 63' lang='lat'><strong>82-86.</strong></span> <span class='ocrx_word' id='word_1_277' title='bbox 450 3443 534 3480; x_wconf 79' lang='lat' dir='ltr'><strong>annos</strong></span> <span class='ocrx_word' id='word_1_278' title='bbox 545 3426 656 3493; x_wconf 78' lang='lat' dir='ltr'><strong>septem]</strong></span> <span class='ocrx_word' id='word_1_279' title='bbox 675 3431 775 3492; x_wconf 80' lang='lat' dir='ltr'><strong>Quum.</strong></span> <span class='ocrx_word' id='word_1_280' title='bbox 813 3427 891 3478; x_wconf 89' lang='lat' dir='ltr'><strong>multi</strong></span> <span class='ocrx_word' id='word_1_281' title='bbox 911 3425 1104 3502; x_wconf 80' lang='lat' dir='ltr'><strong>exposuerunt)</strong></span> <span class='ocrx_word' id='word_1_282' title='bbox 1120 3428 1201 3494; x_wconf 18' lang='lat' dir='ltr'><strong>‚Used</strong></span> <span class='ocrx_word' id='word_1_283' title='bbox 1215 3427 1334 3488; x_wconf 78' lang='lat' dir='ltr'><strong>Romae,</strong></span> 
     </span>
     <span class='ocr_line' id='line_1_35' title="bbox 252 3500 1335 3573; baseline 0 -17"><span class='ocrx_word' id='word_1_284' title='bbox 252 3519 334 3570; x_wconf 86' lang='lat' dir='ltr'><strong>qusm</strong></span> <span class='ocrx_word' id='word_1_285' title='bbox 353 3507 410 3570; x_wconf 88' lang='lat' dir='ltr'><strong>ipse</strong></span> <span class='ocrx_word' id='word_1_286' title='bbox 423 3521 479 3558; x_wconf 90' lang='lat' dir='ltr'><strong>non</strong></span> <span class='ocrx_word' id='word_1_287' title='bbox 497 3513 547 3571; x_wconf 83' lang='lat' dir='ltr'><strong>per</strong></span> <span class='ocrx_word' id='word_1_288' title='bbox 559 3515 662 3573; x_wconf 89' lang='lat' dir='ltr'><strong>septem</strong></span> <span class='ocrx_word' id='word_1_289' title='bbox 676 3522 773 3570; x_wconf 80' lang='lat' dir='ltr'><strong>sunus,</strong></span> <span class='ocrx_word' id='word_1_290' title='bbox 812 3521 866 3572; x_wconf 85' lang='lat' dir='ltr'><strong>quo</strong></span> <span class='ocrx_word' id='word_1_291' title='bbox 888 3500 955 3570; x_wconf 82' lang='lat' dir='ltr'><strong>post·</strong></span> <span class='ocrx_word' id='word_1_292' title='bbox 969 3507 1142 3570; x_wconf 84' lang='lat' dir='ltr'><strong>septennium</strong></span> <span class='ocrx_word' id='word_1_293' title='bbox 1164 3507 1234 3558; x_wconf 88' lang='lat' dir='ltr'><strong>illud</strong></span> <span class='ocrx_word' id='word_1_294' title='bbox 1258 3503 1290 3570; x_wconf 91' lang='lat' dir='ltr'><strong>(i.</strong></span> <span class='ocrx_word' id='word_1_295' title='bbox 1308 3519 1335 3557; x_wconf 86' lang='lat' dir='ltr'><strong>e.</strong></span> 
     </span>
     <span class='ocr_line' id='line_1_36' title="bbox 252 3581 1337 3652; baseline 0.003 -17"><span class='ocrx_word' id='word_1_296' title='bbox 252 3581 293 3648; x_wconf 90' lang='lat' dir='ltr'><strong>(ut</strong></span> <span class='ocrx_word' id='word_1_297' title='bbox 305 3585 399 3638; x_wconf 75' lang='lat' dir='ltr'><strong>festive</strong></span> <span class='ocrx_word' id='word_1_298' title='bbox 413 3589 560 3652; x_wconf 81' lang='lat' dir='ltr'><strong>hyperbolt</strong></span> <span class='ocrx_word' id='word_1_299' title='bbox 572 3586 647 3652; x_wconf 83' lang='lat' dir='ltr'><strong>dicit)</strong></span> <span class='ocrx_word' id='word_1_300' title='bbox 661 3589 773 3638; x_wconf 77' lang='lat' dir='ltr'><strong>Athenis</strong></span> <span class='ocrx_word' id='word_1_301' title='bbox 812 3591 871 3650; x_wconf 85' lang='lat' dir='ltr'><strong>post</strong></span> <span class='ocrx_word' id='word_1_302' title='bbox 889 3587 979 3650; x_wconf 89' lang='lat' dir='ltr'><strong>plures</strong></span> <span class='ocrx_word' id='word_1_303' title='bbox 998 3583 1095 3650; x_wconf 82' lang='lat' dir='ltr'><strong>nunus)</strong></span> <span class='ocrx_word' id='word_1_304' title='bbox 1114 3587 1225 3637; x_wconf 74' lang='lat' dir='ltr'><strong>taudem</strong></span> <span class='ocrx_word' id='word_1_305' title='bbox 1246 3600 1337 3650; x_wconf 69' lang='lat' dir='ltr'><strong>revet-</strong></span> 
     </span>
     <span class='ocr_line' id='line_1_37' title="bbox 252 3665 1334 3731; baseline 0.001 -17"><span class='ocrx_word' id='word_1_306' title='bbox 252 3665 344 3726; x_wconf 77' lang='lat' dir='ltr'><strong>uegit,</strong></span> <span class='ocrx_word' id='word_1_307' title='bbox 373 3679 478 3718; x_wconf 86' lang='lat' dir='ltr'><strong>memor</strong></span> <span class='ocrx_word' id='word_1_308' title='bbox 498 3673 589 3718; x_wconf 85' lang='lat' dir='ltr'><strong>temen</strong></span> <span class='ocrx_word' id='word_1_309' title='bbox 602 3681 620 3729; x_wconf 90' lang='lat'><strong>,·</strong></span> <span class='ocrx_word' id='word_1_310' title='bbox 637 3669 774 3731; x_wconf 88' lang='lat' dir='ltr'><strong>quomodo</strong></span> <span class='ocrx_word' id='word_1_311' title='bbox 811 3671 924 3718; x_wconf 83' lang='lat' dir='ltr'><strong>susest.</strong></span> <span class='ocrx_word' id='word_1_312' title='bbox 952 3667 1021 3719; x_wconf 78' lang='lat' dir='ltr'><strong>Mire</strong></span> <span class='ocrx_word' id='word_1_313' title='bbox 1034 3671 1124 3716; x_wconf 84' lang='lat' dir='ltr'><strong>sutem</strong></span> <span class='ocrx_word' id='word_1_314' title='bbox 1141 3665 1223 3716; x_wconf 84' lang='lat' dir='ltr'><strong>lectio</strong></span> <span class='ocrx_word' id='word_1_315' title='bbox 1241 3666 1334 3718; x_wconf 74' lang='lat' dir='ltr'><strong>Con.</strong></span> 
     </span>
     <span class='ocr_line' id='line_1_38' title="bbox 250 3743 1335 3815; baseline 0.002 -24"><span class='ocrx_word' id='word_1_316' title='bbox 250 3743 346 3806; x_wconf 90' lang='lat' dir='ltr'><strong>primis</strong></span> <span class='ocrx_word' id='word_1_317' title='bbox 363 3747 535 3808; x_wconf 86' lang='lat' dir='ltr'><strong>temporibus·</strong></span> <span class='ocrx_word' id='word_1_318' title='bbox 547 3753 607 3810; x_wconf 86' lang='lat' dir='ltr'><strong>post</strong></span> <span class='ocrx_word' id='word_1_319' title='bbox 618 3747 774 3815; x_wconf 82' lang='lat' dir='ltr'><strong>Philippeu-</strong></span> <span class='ocrx_word' id='word_1_320' title='bbox 811 3745 860 3796; x_wconf 82' lang='lat' dir='ltr'><strong>Cr.</strong></span> <span class='ocrx_word' id='word_1_321' title='bbox 871 3751 897 3797; x_wconf 90' lang='lat' dir='ltr'><strong>et</strong></span> <span class='ocrx_word' id='word_1_322' title='bbox 905 3747 933 3796; x_wconf 93' lang='lat' dir='ltr'><strong>b.</strong></span> <span class='ocrx_word' id='word_1_323' title='bbox 949 3747 1034 3796; x_wconf 71' lang='lat' dir='ltr'><strong>Libris</strong></span> <span class='ocrx_word' id='word_1_324' title='bbox 1043 3751 1068 3795; x_wconf 87' lang='lat' dir='ltr'><strong>et</strong></span> <span class='ocrx_word' id='word_1_325' title='bbox 1079 3746 1152 3795; x_wconf 72' lang='lat' dir='ltr'><strong>Curti</strong></span> <span class='ocrx_word' id='word_1_326' title='bbox 1159 3759 1237 3796; x_wconf 84' lang='lat' dir='ltr'><strong>meru</strong></span> <span class='ocrx_word' id='word_1_327' title='bbox 1247 3745 1335 3796; x_wconf 87' lang='lat' dir='ltr'><strong>errori</strong></span> 
     </span>
     <span class='ocr_line' id='line_1_39' title="bbox 251 3824 1335 3889; baseline 0.003 -18"><span class='ocrx_word' id='word_1_328' title='bbox 251 3835 309 3872; x_wconf 89' lang='lat' dir='ltr'><strong>sem</strong></span> <span class='ocrx_word' id='word_1_329' title='bbox 334 3824 421 3874; x_wconf 83' lang='lat' dir='ltr'><strong>selem</strong></span> <span class='ocrx_word' id='word_1_330' title='bbox 451 3825 479 3874; x_wconf 86' lang='lat' dir='ltr'><strong>in</strong></span> <span class='ocrx_word' id='word_1_331' title='bbox 508 3827 578 3876; x_wconf 88' lang='lat' dir='ltr'><strong>Urbe</strong></span> <span class='ocrx_word' id='word_1_332' title='bbox 605 3827 702 3878; x_wconf 76' lang='lat' dir='ltr'><strong>vixerit</strong></span> <span class='ocrx_word' id='word_1_333' title='bbox 728 3840 774 3877; x_wconf 87' lang='lat' dir='ltr'><strong>ne·</strong></span> <span class='ocrx_word' id='word_1_334' title='bbox 810 3826 938 3887; x_wconf 86' lang='lat' dir='ltr'><strong>debetur,</strong></span> <span class='ocrx_word' id='word_1_335' title='bbox 957 3825 1148 3889; x_wconf 87' lang='lat' dir='ltr'><strong>cumprimum</strong></span> <span class='ocrx_word' id='word_1_336' title='bbox 1161 3826 1219 3874; x_wconf 79' lang='grc' dir='ltr'><em>οντί</em></span> <span class='ocrx_word' id='word_1_337' title='bbox 1234 3825 1335 3874; x_wconf 86' lang='lat' dir='ltr'><strong>scribe·</strong></span> 
     </span>
     <span class='ocr_line' id='line_1_40' title="bbox 251 3897 1334 3967; baseline 0.004 -18"><span class='ocrx_word' id='word_1_338' title='bbox 251 3901 355 3964; x_wconf 83' lang='lat' dir='ltr'><strong>glectus</strong></span> <span class='ocrx_word' id='word_1_339' title='bbox 381 3910 409 3952; x_wconf 87' lang='lat' dir='ltr'><strong>et</strong></span> <span class='ocrx_word' id='word_1_340' title='bbox 436 3904 539 3954; x_wconf 88' lang='lat' dir='ltr'><strong>nemini</strong></span> <span class='ocrx_word' id='word_1_341' title='bbox 565 3903 648 3967; x_wconf 89' lang='lat' dir='ltr'><strong>prope</strong></span> <span class='ocrx_word' id='word_1_342' title='bbox 662 3910 771 3966; x_wconf 86' lang='lat' dir='ltr'><strong>nctus,</strong></span> <span class='ocrx_word' id='word_1_343' title='bbox 811 3909 885 3954; x_wconf 90' lang='lat' dir='ltr'><strong>retur</strong></span> <span class='ocrx_word' id='word_1_344' title='bbox 906 3897 1134 3967; x_wconf 76' lang='lat' dir='ltr'><strong>sbs&#39;orptulitters</strong></span> <span class='ocrx_word' id='word_1_345' title='bbox 1153 3917 1166 3952; x_wconf 87' lang='lat' dir='ltr'><strong>s</strong></span> <span class='ocrx_word' id='word_1_346' title='bbox 1183 3903 1219 3952; x_wconf 76' lang='lat' dir='ltr'><strong>ab</strong></span> <span class='ocrx_word' id='word_1_347' title='bbox 1236 3904 1334 3953; x_wconf 81' lang='lat' dir='ltr'><strong>eudem</strong></span> 
     </span>
     <span class='ocr_line' id='line_1_41' title="bbox 249 3981 1335 4048; baseline 0.002 -18"><span class='ocrx_word' id='word_1_348' title='bbox 249 3981 589 4045; x_wconf 83' lang='lat' dir='ltr'><strong>hsecrldelurscripsisse.</strong></span> <span class='ocrx_word' id='word_1_349' title='bbox 602 3982 771 4047; x_wconf 78' lang='lat' dir='ltr'><strong>-imscmm&#39;t]</strong></span> <span class='ocrx_word' id='word_1_350' title='bbox 811 3984 989 4048; x_wconf 86' lang='lat' dir='ltr'><strong>insequente</strong></span> <span class='ocrx_word' id='word_1_351' title='bbox 1012 3998 1050 4036; x_wconf 58' lang='lat' dir='ltr'><strong>r:</strong></span> <span class='ocrx_word' id='word_1_352' title='bbox 1063 3989 1172 4040; x_wconf 78' lang='lat' dir='ltr'><strong>statue:</strong></span> <span class='ocrx_word' id='word_1_353' title='bbox 1202 3990 1235 4034; x_wconf 73' lang='lat' dir='ltr'><strong>ex</strong></span> <span class='ocrx_word' id='word_1_354' title='bbox 1261 3983 1335 4033; x_wconf 77' lang='lat' dir='ltr'><strong>Curis·</strong></span> 
     </span>
     <span class='ocr_line' id='line_1_42' title="bbox 250 4059 1333 4132; baseline 0.008 -29"><span class='ocrx_word' id='word_1_355' title='bbox 250 4071 299 4108; x_wconf 77' lang='lat' dir='ltr'><strong>«ex</strong></span> <span class='ocrx_word' id='word_1_356' title='bbox 318 4059 450 4110; x_wconf 88' lang='lat' dir='ltr'><strong>librorum</strong></span> <span class='ocrx_word' id='word_1_357' title='bbox 472 4061 580 4110; x_wconf 78' lang='lat' dir='ltr'><strong>assidue</strong></span> <span class='ocrx_word' id='word_1_358' title='bbox 599 4060 715 4112; x_wconf 87' lang='lat' dir='ltr'><strong>lectione</strong></span> <span class='ocrx_word' id='word_1_359' title='bbox 733 4075 773 4114; x_wconf 85' lang='lat' dir='ltr'><strong>se·</strong></span> <span class='ocrx_word' id='word_1_360' title='bbox 810 4077 903 4113; x_wconf 85' lang='lat' dir='ltr'><strong>rursus</strong></span> <span class='ocrx_word' id='word_1_361' title='bbox 918 4068 980 4114; x_wconf 81' lang='lat' dir='ltr'><strong>nats</strong></span> <span class='ocrx_word' id='word_1_362' title='bbox 996 4069 1037 4114; x_wconf 87' lang='lat' dir='ltr'><strong>est</strong></span> <span class='ocrx_word' id='word_1_363' title='bbox 1049 4064 1134 4114; x_wconf 76' lang='lat' dir='ltr'><strong>alteru</strong></span> <span class='ocrx_word' id='word_1_364' title='bbox 1149 4064 1238 4132; x_wconf 78' lang='lat' dir='ltr'><strong>magis</strong></span> <span class='ocrx_word' id='word_1_365' title='bbox 1251 4063 1333 4114; x_wconf 82' lang='lat' dir='ltr'><strong>etism</strong></span> 
     </span>
     <span class='ocr_line' id='line_1_43' title="bbox 250 4135 1333 4206; baseline 0.006 -20"><span class='ocrx_word' id='word_1_366' title='bbox 250 4137 326 4186; x_wconf 90' lang='lat' dir='ltr'><strong>nium</strong></span> <span class='ocrx_word' id='word_1_367' title='bbox 366 4135 620 4204; x_wconf 70' lang='lat' dir='ltr'><strong>(preisembufte</strong></span> <span class='ocrx_word' id='word_1_368' title='bbox 657 4140 771 4192; x_wconf 81' lang='lat' dir='ltr'><strong>Grc&#39;tm-</strong></span> <span class='ocrx_word' id='word_1_369' title='bbox 810 4139 1333 4206; x_wconf 51' lang='lat' dir='ltr'><strong>mirsettmbtsreurttexcoufflsi-</strong></span> 
     </span>
    </p>
   </div>
   <div class='ocr_carea' id='block_1_10' title="bbox 0 0 1448 4810">
    <p class='ocr_par' dir='ltr' id='par_1_13' title="bbox 0 0 1448 4810">
     <span class='ocr_line' id='line_1_44' title="bbox 0 0 1448 4810; baseline 0 2"><span class='ocrx_word' id='word_1_370' title='bbox 0 0 1448 4810; x_wconf 95' lang='lat' dir='ltr'><strong> </strong></span> 
     </span>
    </p>
   </div>
  </div>
 </body>
</html>
