2920 4792
462 307 464 316 ’
496 326 559 376 utu.
581 331 635 378 n.-
660 330 734 378 aar.
757 331 804 379 ru·
1122 307 1201 385 iba

121 461 215 527 'l'une
237 461 376 529 insanus
398 466 480 540 eris,
502 469 530 534 si
552 463 753 554 acceperis?
773 489 817 536 an
839 472 946 560 magle
967 490 1104 560 excors,

14 679 15 682 Ἴ
118 582 262 649 Boeoto
275 584 429 668 praeda,
451 605 547 672 quam
569 607 732 672 praesens
752 590 944 662 Mercurius
964 585 1062 660 fert?

117 698 240 768 Scribe
261 703 376 770 decem
398 725 419 770 a
439 707 559 792 Nerio;
581 727 649 773 non
670 712 723 776 esi
745 712 843 776 satis:
865 712 952 778 adde
973 714 1113 780 Cicutae

116 821 248 887 Nodosi
268 825 403 890 tabulas
424 830 573 916 centum,
596 831 683 894 mille
705 829 792 896 adde
813 835 967 897 catenas:
1161 832 1203 894 ro

116 941 268 1030 Effugiet
289 947 399 1009 tamen
421 945 506 1012 haee
527 949 713 1013 sceleratus
734 951 868 1015 vincula
889 949 1044 1017 Proteus.

115 1059 199 1126 Cum
221 1067 336 1147 rapies
356 1067 390 1129 in
412 1067 464 1132 ina
484 1069 579 1134 malis
600 1068 762 1134 ridentem
784 1071 918 1156 allonis,

167 1239 192 1286 l.
230 1251 257 1290 v.
277 1237 321 1288 oo.
342 1213 457 1289 lirasum
472 1255 491 1290 a
509 1241 538 1291 in
557 1242 584 1292 S.
605 1239 728 1305 (utros,
748 1241 803 1309 bc.)
840 1259 867 1297 v.
887 1244 931 1296 72.
951 1247 1011 1296 iarn
1029 1247 1073 1297 bc.

140 1343 194 1392 111.
232 1358 259 1394 r.
279 1345 323 1395 ur.
345 1346 410 1395 Tum
426 1348 534 1396 insonus
551 1361 604 1399 err.
624 1354 728 1412 typogr.

115 1507 157 1568 gis
187 1507 270 1556 etiam
295 1507 414 1557 insanire
439 1521 521 1570 quam
544 1509 641 1559 Dama·
679 1510 746 1560 iaris
765 1511 880 1562 civilis.»
918 1512 1012 1562 luvou.
1031 1512 1058 1575 8,
1075 1513 1128 1563 5⁰:
1148 1513 1199 1576 Qict

112 1586 252 1659 sippumai
676 1591 742 1638 iuria
766 1589 871 1653 loqueos
894 1596 919 1639 et
940 1591 1023 1654 tapam
1047 1594 1199 1655 aenipmctn

14 1705 15 1730 ᾗ
146 1663 275 1712 til-7⁰.
321 1677 358 1712 an
375 1661 478 1727 mepta]
502 1664 538 1715 in
558 1679 638 1728 prosa
676 1667 772 1715 solvat.
796 1690 827 1702 -
856 1665 980 1729 cormac]
1018 1668 1143 1730 lntellige
1163 1669 1198 1718 da

13 1765 15 1812 γ
112 1755 154 1792 or.
175 1754 228 1791 nau
247 1742 363 1804 potius.»
385 1767 414 1777 —
434 1739 555 1804 Rebecca]
581 1757 639 1793 ore-
677 1744 772 1793 lisdem
785 1745 955 1794 cautionibus
968 1745 1045 1794 iuris.

13 1815 14 1862 i
112 1815 440 1883 podiatae-praesens]
461 1821 636 1883 «propitius»
710 1822 754 1870 71.
782 1821 826 1871 72.
871 1819 1024 1884 sceleratus]
1056 1827 1197 1886 propterea

111 1898 265 1949 Mercurius
280 1899 370 1946 amuis
385 1898 454 1947 lucri
465 1900 556 1959 dator,
575 1914 639 1968 κερ·
674 1899 746 1960 quod
777 1899 909 1948 sexcentis
943 1900 1029 1950 modis
1058 1901 1198 1951 consulto-

13 1983 15 2018 ἱ
111 1974 199 2042 octog.
219 2001 252 2010 -—
271 1972 373 2036 Scribe]
401 1976 585 2036 Creditorum,
610 1978 637 2026 id
674 1990 717 2026 res
747 1976 884 2027 eludebat.
930 1977 1017 2028 Petita
1042 1985 1081 2028 est
1105 1981 1197 2041 imago

13 2051 14 2056 ’
113 2053 187 2116 quod
200 2056 284 2115 probe
298 2055 446 2105 notandum
460 2061 509 2114 est,
523 2069 579 2104 uon
592 2056 637 2105 de·
674 2067 705 2102 ex
722 2054 816 2117 Odyss.
838 2051 871 2114 d,
887 2055 966 2115 laon,
995 2057 1043 2110 ubi
1055 2057 1196 2106 Menelaus

111 2131 245 2191 bitorem,
281 2132 331 2180 liis*
350 2133 441 2182 verbis
478 2133 635 2194 alloquitur.
674 2130 800 2180 Proteum
817 2131 932 2181 vinculis
955 2134 1064 2182 taudem
1090 2134 1196 2182 iniectis

112 2209 201 2258 nCura
223 2210 381 2258 scribendas
401 2211 450 2260 tibi
474 2224 490 2259 a
515 2211 635 2260 debitore
673 2208 813 2280 uaticiuari
826 2209 878 2258 sibi
892 2210 985 2270 adigit.
1023 2211 1090 2259 Tota
1105 2215 1196 2280 autom

112 2287 207 2336 decem
219 2287 341 2346 tabulas,
361 2287 389 2336 id
399 2292 449 2347 est,
469 2288 635 2352 syngraphas
673 2287 806 2336 sententia
825 2289 891 2337 baec
907 2293 965 2337 est:
987 2288 1054 2336 «libi
1071 2293 1195 2338 mutuam

110 2360 123 2424 (
129 2363 230 2414 Sobel
242 2363 634 2427 dvcracbreibunpen),
673 2365 748 2412 dabis
762 2364 877 2412 debitori
890 2377 1000 2425 prorsus
1014 2366 1088 2426 inopi
1101 2365 1196 2414 simul·

110 2442 205 2504 quales
219 2455 235 2490 a
249 2442 345 2500 Nerio,
365 2441 470 2490 famoso
482 2441 556 2491 illius
570 2448 635 2490 tom·
673 2454 725 2504 que
748 2442 912 2490 astutissimo
940 2443 1098 2502 pecuniam,
1127 2441 1196 2494 nihil

109 2521 184 2581 poris
215 2519 397 2576 feneratore.
425 2524 511 2568 morte
543 2520 635 2574 couiu·
673 2520 784 2569 omnino
810 2519 858 2568 tibi
884 2519 1032 2580 proderunt
1056 2521 1195 2570 cautiones
1240 2573 1246 2588 ,

109 2609 174 2657 gum
184 2597 350 2658 locupletato
361 2593 463 2658 (schol.
478 2598 512 2646 ad
521 2597 596 2646 Pers.
607 2598 633 2656 2,
673 2598 717 2648 vel
729 2597 829 2658 optime
842 2597 1020 2657 excogitatam
1042 2596 1116 2645 mille
1129 2595 1196 2645 edu·

110 2671 165 2737 ic.)
182 2673 564 2730 dictarisolentdebitoribua,
580 2675 635 2736 ple·
673 2677 716 2738 gia
725 2681 751 2724 et
763 2675 876 2724 latibula
886 2675 1005 2725 inveniet
1014 2675 1074 2740 illoc
1097 2681 1125 2724 tu
1136 2687 1195 2737 por-

79 2804 82 2808 ,
108 2753 399 2802 nnecauliouumni-
416 2767 436 2800 a
452 2751 541 2814 Nerio]
563 2767 635 2802 com·
673 2754 720 2801 des
733 2767 790 2803 rem
808 2758 896 2802 tuam:
917 2754 1039 2816 adeoquo
1057 2752 1193 2812 insanisti,

107 2831 248 2889 modales,
275 2835 304 2880 ut
324 2830 381 2880 Cic.
401 2831 435 2878 ad
455 2830 510 2879 Att-
530 2831 578 2891 16,
600 2830 633 2880 7:
673 2845 734 2880 oum
752 2832 798 2880 tali
818 2831 923 2882 homiui
940 2845 1065 2884 nummos
1079 2831 1195 2880 credidi·

24 2907 27 2913 '
108 2906 220 2956 edictum
245 2907 295 2970 lapi
314 2921 332 2955 a
352 2909 436 2956 Bruto
459 2904 633 2970 (acceptum.)
673 2911 733 2958 sti.»
747 2932 774 2942 -
800 2909 939 2969 uaporem
951 2911 993 2957 ius
1005 2908 1076 2958 eollo
1089 2911 1194 2960 obtorto

108 2985 238 3034 Formula
252 2991 345 3034 aulem
362 2987 430 3036 haec
450 2992 525 3034 erata
544 2987 577 3034 L.
594 2987 635 3034 Ti·
673 2987 772 3035 licebat
784 2987 812 3033 iu
830 2987 944 3047 publicis
966 2987 1015 3036 viis
1032 2987 1193 3042 debitorem,

108 3064 160 3113 tius
172 3065 270 3124 aeneai,
281 3077 323 3112 nce
342 3066 466 3124 accepisse
483 3079 501 3112 a
518 3065 550 3112 P.
563 3065 635 3115 Mee-
674 3065 720 3126 qui
733 3063 862 3112 iudicium
876 3064 1025 3124 deserebat,
1041 3064 1195 3114 cautionem

71 3197 72 3200 Ἴ
106 3143 149 3190 uc'o
162 3143 308 3203 quindecim
319 3147 412 3190 mutua
423 3147 561 3190 numerata
573 3142 636 3190 mibi
674 3141 982 3201 dutameubterlugious.
999 3141 1114 3190 -ldale
1128 3139 1194 3188 olim

106 3221 138 3270 de
155 3220 234 3268 domo
259 3216 368 3280 (idest,
398 3233 429 3268 er
448 3233 525 3274 arca,
546 3231 635 3276 nona
674 3221 829 3282 legebatur:
856 3220 962 3267 intuso
980 3212 1034 3279 (de)
1058 3215 1136 3272 mulia
1153 3217 1194 3262 rt·-

106 3311 204 3346 meusa
222 3287 393 3359 argentarii.)
418 3297 531 3346 tubulos
544 3302 634 3346 autem
672 3301 773 3347 dentem
784 3296 890 3353 alienis3
905 3308 969 3347 reru
979 3294 1059 3346 lectio
1072 3292 1194 3344 restituta

108 3389 170 3424 cum
191 3380 320 3428 numeret
336 3377 429 3430 decmn,
451 3382 567 3434 centum,
589 3389 635 3424 ne·
673 3382 712 3426 est
743 3388 774 3422 ex
805 3373 908 3422 Commu
940 3372 1022 3432 Cruq.
1054 3375 1080 3419 et
1107 3368 1192 3418 Codd.

108 3455 318 3515 quaquam,„ut
337 3453 432 3502 volunt
449 3453 513 3510 alii,
533 3452 635 3512 signill-
672 3452 785 3509 Bland.;
813 3462 954 3511 uunquam
971 3448 1069 3497 dieitur
1085 3448 1114 3495 tn
1132 3447 1194 3497 iuro

108 3531 163 3578 cari
182 3534 297 3592 possunt
314 3529 424 3578 tabulae
437 3531 540 3591 accepti
553 3534 579 3578 et
592 3543 635 3578 ex·
671 3541 778 3591 rapere,
798 3539 906 3588 semper
924 3528 953 3574 in
973 3527 1023 3574 ius.
1045 3545 1083 3592 ‘,
1094 3523 1172 3572 mdis
1183 3545 1195 3560 ·

109 3610 202 3668 pensi,
223 3607 509 3670 liecbnnunpabucb.
531 3606 635 3669 —1Pe·
672 3603 779 3670 cumis]
811 3603 955 3654 Manifesto
975 3603 1088 3673 petitum
1106 3605 1146 3650 est
1162 3613 1195 3652 ax

108 3684 215 3743 ullius,
236 3683 281 3732 cui
296 3683 595 3752 propterasperitatem
609 3687 635 3730 et
672 3684 767 3746 Odyss.
778 3699 806 3742 υ,
821 3681 887 3732 345ι
899 3678 1069 3750 μνηστῆρσι
1079 3677 1109 3730 δὲ
1119 3677 1196 3730 Παλ·

108 3760 321 3810 amaritudinem
337 3772 494 3821 ¹cognomen
516 3763 575 3808 erat
595 3759 635 3806 Ct-
672 3753 1094 3824 λὰςἈῧήνηἌσβεστονγέλον
1105 3746 1193 3826 ὦρσε,

108 3843 196 3903 cuiue,
239 3837 380 3892 fenerator
413 3837 517 3886 cautior
552 3835 634 3884 etiam
673 3831 873 3908 παρέπλαγξεν
882 3833 913 3886 δὲ
924 3833 1040 3898 νόημα·
1057 3831 1122 3882 Οἰδ’
1138 3827 1196 3905 ἤδη
1229 3877 1230 3884 ,

107 3915 204 3975 Nerio,
237 3920 404 3978 quapropter
425 3919 537 3968 vocatur
555 3911 635 3960 modo·
672 3911 833 3976 γναθμοῖσι
869 3910 992 3976 γελοίων
1032 3905 1194 3982 ἀλλοτρίοι-

106 4005 162 4052 w,
201 3993 267 4056 oqui
302 3993 404 4054 optime
440 3992 520 4042 callet
549 3990 635 4038 nodos
673 3982 965 4056 ocv--daoco’dpa
975 3983 1195 4053 ememuAaapof

106 4074 134 4118 et
152 4068 383 4134 laqueoslogum
404 4082 436 4118 ao
456 4067 636 4123 formularum
673 4063 745 4128 όφιν
761 4064 944 4130 πίμπλαντο·
973 4058 1047 4127 γόον
1069 4059 1092 4108 ὁ·
1109 4054 1195 4108 ὠΐετο

178 4179 271 4212 κοινν.
295 4177 402 4212 vomu,
927 4207 932 4212 ,
1003 4150 1042 4212 13
1131 4173 1132 4178 ¹
