2928 4794
502 375 567 420 nin.
588 375 622 420 ΙΙ.
665 373 739 420 SA'l'·
761 375 830 422 viii.

121 511 283 595 Gausapa
305 531 474 597 purpureo
497 531 642 604 mensam
665 516 840 599 pertersit,
862 519 896 582 et
918 519 1005 583 alter

120 627 281 717 Sublegit
304 631 523 718 quodcunque
544 635 671 702 iaceret
693 637 808 701 inutilc
831 636 984 722 quodque
1065 725 1068 733 ἱ

15 739 16 744 ¹
121 754 246 820 Posset
268 757 453 820 coenantes
476 754 661 841 offendere3
682 760 719 820 ut
741 756 859 825 Attica
880 758 979 847 virgo

122 872 204 942 Cum
226 879 334 941 sacris
354 871 505 958 Cereris,
527 875 680 961 procedit
702 877 818 944 luscus
842 877 1035 965 Hydaspes,

122 992 281 1063 Caecuba
302 999 382 1061 vina
404 999 532 1078 ferens,
553 997 665 1063 Alcon
687 997 802 1063 Chium
824 1002 923 1064 maris
945 1019 1078 1084 expers.
1164 996 1204 1060 15

123 1118 188 1183 llic
211 1117 328 1182 iterus:
351 1119 533 1206 Albanum,
555 1118 757 1205 Maecenas,
780 1119 853 1184 sive
875 1119 1052 1185 Falernum

124 1238 171 1304 'ia
194 1240 303 1327 magis
324 1241 488 1323 appositis
509 1238 673 1325 delectat,
695 1239 853 1306 habemus
874 1245 1057 1328 utrumque.

124 1577 173 1628 nol
207 1573 472 1647 saepememoratus,
511 1569 550 1639 ὡς
579 1571 646 1638 α’φι·
685 1577 763 1628 vitas.
779 1571 1205 1650 -Δ111ιανίταο]κανηφόρος.

123 1657 218 1722 γμένα
231 1650 291 1716 οὐχ
301 1648 463 1723 ὑπηρεσίας
475 1649 563 1706 ἕνεκα
575 1655 647 1720 μάλ·
688 1678 715 1690 -
737 1652 884 1718 Hydaspes]
904 1655 985 1705 ludos
1002 1657 1044 1706 rel
1059 1656 1204 1721 Aethiopes
1264 1649 1271 1664 ⁸

123 1735 183 1798 λον,
211 1729 236 1800 ἤ
262 1733 318 1786 τοῦ
345 1735 478 1796 φανέντα
506 1735 561 1801 τὴν
589 1733 646 1785 τῶν
685 1731 713 1782 in
724 1732 827 1782 familia
838 1734 941 1783 urbana
954 1734 1053 1790 habere
1067 1740 1131 1785 tunc
1144 1751 1206 1800 pars

122 1812 280 1876 ἣεωμένων
297 1805 375 1875 ὄψιν
391 1805 508 1878 ἡδῦναι.
528 1811 647 1864 Τούτων
684 1810 883 1862 lururiaeerat.
905 1813 981 1862 ilica
994 1813 1106 1864 tlumiuo
1119 1817 1207 1877 patrio

124 1892 154 1942 oi
177 1891 235 1956 μὲν
265 1889 364 1953 παῖδες
391 1885 436 1942 ἔτι
459 1884 544 1954 ὄντες
569 1892 647 1942 olno-
685 1891 888 1940 nomenhabet.
912 1915 940 1924 -
961 1890 1087 1955 caecato]
1108 1893 1144 1943 Er
1158 1895 1208 1943 La-

123 1969 242 2033 χοοῦσι,
260 1963 465 2039 ὑόροφοροῦσι
479 1967 510 2022 δὲ
522 1967 646 2031 βούααι-
684 1970 722 2019 tio
743 1983 826 2032 prope
845 1969 1009 2033 Campaniae
1028 1971 1105 2022 tinea.
1134 1972 1206 2023 Arioi

123 2047 169 2111 δες
187 2047 361 2112 λελουμένοι
373 2049 424 2098 καὶ
436 2047 646 2112 λελειασμένοι,
685 2062 751 2100 sane
772 2050 805 2097 ab
827 2048 939 2099 Horatio
956 2050 1083 2100 laudatur
1101 2047 1164 2113 (Od.
1178 2053 1204 2108 1,

124 2151 135 2162 -
146 2152 157 2163 -
168 2151 180 2161 ·
192 2122 321 2188 χιτῶνας
333 2139 365 2175 τι
381 2121 584 2193 ἀραχνοῦφεῖς
596 2127 646 2176 καὶ
685 2129 728 2187 2⁰,
742 2129 769 2178 a.
784 2124 848 2191 cet.)
869 2129 980 2179 Videtur
992 2132 1131 2181 Nasidieni
1147 2144 1207 2194 pra-

124 2203 285 2266 ἕκλεύκους
311 2203 584 2269 ἐπαναζωσάμενοι,
608 2201 645 2255 τὰ
685 2208 753 2256 vitas
776 2207 998 2268 incoronari,
1027 2210 1100 2272 quod
1122 2222 1208 2258 unum

123 2283 177 2348 ptr
207 2281 378 2351 e’pnpdo‘dco
406 2285 560 2353 κατωτέρω
589 2282 647 2334 τῶν
686 2290 790 2334 tantum
808 2285 902 2335 vinum
920 2287 1046 2336 Italicum
1068 2301 1209 2352 unumque

124 2356 181 2412 ὑπὸ
196 2358 281 2427 γόνυ,
296 2358 331 2412 τὰ
350 2360 381 2411 δὲ
399 2359 523 2413 κατόπιν
537 2360 649 2432 μικρὸν
686 2363 821 2413 Graecum
841 2363 932 2414 allerri
949 2366 1073 2426 iusserat,
1092 2381 1147 2417 non
1172 2368 1207 2416 si-

15 2461 18 2492 z
123 2434 181 2490 ὑπὸ
200 2445 265 2502 τοῖς
284 2441 442 2506 γονατίοις.
472 2441 504 2491 lit
523 2443 648 2492 similiter
687 2443 743 2491 mul
756 2442 902 2494 Falernum
916 2443 1088 2494 etLesliinm.
1109 2445 1209 2495 Sordes

125 2517 505 2570 SenecadeBrevitv.12.
527 2546 559 2557 -
578 2534 648 2572 ocer-
687 2521 777 2570 autern
803 2522 860 2584 ipse
885 2521 999 2571 ridiculo
1028 2523 1117 2584 prodit
1144 2523 1209 2573 rina

124 2593 197 2658 mm]
213 2597 261 2646 «Et
274 2598 327 2647 hoc
340 2603 415 2647 notat
427 2600 486 2649 cius
496 2599 646 2659 sorditiem,
687 2613 820 2662 generosa
840 2599 950 2663 (Athen.
965 2603 991 2649 1.
1006 2615 1032 2662 p.
1046 2599 1090 2649 ³³.
1105 2615 1135 2650 a:
1150 2605 1210 2651 τῶν

125 2677 195 2739 qnod
206 2689 255 2739 pro
266 2677 366 2727 divitiis
376 2691 429 2727 non
439 2679 564 2728 babuerit
574 2691 648 2727 men·
686 2675 710 2728 δ’
728 2677 817 2730 οἴνων
829 2681 1023 2750 χαριέστατος
1035 2673 1053 2730 ὁ
1066 2676 1142 2731 κατὰ
1155 2677 1210 2746 τὴν

126 2769 182 2805 sam
208 2756 322 2805 citream
344 2762 390 2805 aut
415 2757 648 2809 vermiculatam.»
686 2751 809 2807 Ἰταλίαν
821 2754 956 2820 Ἀλβανὸς
970 2759 1021 2807 καὶ
1037 2752 1054 2807 ὁ
1068 2758 1209 2827 Φαληρνί-

126 2835 217 2885 Coun.
233 2833 282 2884 Ca.
303 2834 374 2884 Plio.
386 2835 428 2895 16,
439 2836 490 2886 26:
504 2836 651 2898 Acer-ope·
687 2831 764 2900 της·)
783 2835 900 2886 oilerens
913 2837 1060 2897 dumtaxat,
1081 2850 1150 2900 quae
1163 2850 1209 2900 pe-

125 2928 183 2962 rum
207 2914 341 2978 elepantio
361 2927 392 2963 oc
416 2915 560 2965 subtilitate
585 2917 657 2964 citro.
687 2915 765 2963 titum
775 2929 830 2965 non
840 2917 872 2964 iri
885 2916 1067 2966 alilaecenale
1076 2930 1124 2978 pro
1135 2922 1209 2967 certo

126 2993 274 3042 secumdum.
290 3017 321 3028 -·
334 2990 464 3057 Gausapa]
484 3009 525 3057 pr.
535 2994 649 3044 linteum
689 2994 800 3043 sciebat.
822 3018 853 3030 -
872 2996 954 3044 moria
975 2991 1079 3056 erpere]
1100 2989 1147 3050 (οὐ
1167 3010 1211 3045 τε·

126 3072 649 3136 villosnm‚zottipelionenpnelile.
687 3069 946 3136 &alaoomps'noml
959 3073 1003 3121 cui
1013 3074 1159 3135 opponitur
1171 3074 1210 3123 vi·

129 3151 249 3200 Lucilius
268 3152 339 3214 apud
358 3151 442 3202 Prisc.
467 3166 495 3215 p.
518 3151 578 3202 870.
602 3152 648 3202 P.:
689 3151 1023 3202 numGraecumsalsum.
1044 3151 1210 3201 laminhoc
1260 3167 1264 3174 ·

126 3231 263 3294 Purpureo
277 3217 356 3280 *tersit
368 3238 428 3281 tunc
448 3231 519 3281 torm
535 3245 651 3296 pormope
689 3243 797 3294 quoque
810 3229 931 3291 perversi
944 3229 1046 3290 aliquid
1064 3228 1142 3287 latet;
1163 3229 1211 3278 sed

125 3324 236 3360 mensos.
264 3311 418 3360 Ridiculum
440 3312 529 3360 inesse
546 3311 651 3361 videtur
690 3311 812 3360 diversae
828 3309 861 3356 de
879 3309 930 3356 laac
949 3321 978 3356 ro
996 3312 1059 3356 sunt
1077 3307 1211 3369 interpre-

128 3390 154 3438 in
166 3403 263 3439 mensa
277 3390 373 3442 viliore
387 3404 523 3460 purpureo
532 3403 651 3453 gausape
690 3394 746 3437 tum
760 3387 926 3436 sententiae:
948 3383 974 3448 1)
989 3390 1064 3435 «erat
1077 3386 1158 3447 igitur
1171 3386 1212 3434 ni·

127 3473 259 3531 perterso.
383 3461 388 3466 ’
690 3468 742 3516 mis
763 3466 857 3524 dulce,·
874 3479 935 3514 cum
952 3464 1054 3513 salsum
1071 3464 1212 3527 praetulis-

160 3546 288 3596 12-17.
327 3543 452 3610 Sublapit]
473 3560 652 3610 quaecunque
691 3550 750 3594 sont
766 3545 929 3602 conrivaepi
951 3539 1013 3605 (hoc
1028 3557 1122 3594 verum
1139 3544 1213 3594 vide·

126 3625 503 3682 abiecerantconvivaemssa,
513 3625 651 3687 putamina
690 3629 733 3674 tur
741 3621 760 3687 r)
780 3620 807 3686 2)
822 3623 926 3672 «riorus
936 3628 1074 3685 tamquam
1085 3637 1143 3672 rem
1155 3636 1211 3673 ma·

127 3709 177 3755 cet.
218 3704 272 3766 Qui
293 3703 358 3752 talia
385 3704 557 3767 sublegebat,
583 3701 652 3755 ἀνα·
691 3717 772 3766 gnam
791 3703 888 3752 Chium
909 3715 1007 3766 porum
1025 3703 1161 3762 exhibuit,
1182 3707 1212 3752 ut

127 3781 248 3848 λέκτης,
268 3782 392 3832 analecta
413 3785 569 3833 vocabatur.
608 3782 652 3832 Sic
691 3783 775 3832 multo
792 3782 955 3831 salubrius.»
976 3781 1063 3832 Tonn.
1095 3781 1215 3830 nitimi-

128 3860 261 3911 Calvisius
282 3859 424 3923 (Sen.1ip.
444 3859 501 3924 27.)
520 3873 652 3924 prommo·
691 3875 742 3910 nus
755 3862 891 3924 apposite:
912 3858 939 3924 3)
954 3866 1142 3924 «parternum,
1157 3874 1214 3910 non

128 3938 473 3988 ticosltotetotooolectos.
496 3938 651 3988 Ridiculum
690 3954 740 4001 per
761 3954 835 3990 maro
862 3941 1003 3989 advectum
1033 3945 1118 3990 erat.»
1146 3939 1213 3988 Aca.

128 4017 197 4066 inest
214 4017 244 4067 in
261 4017 332 4066 mira
350 4017 535 4066 analectorum
553 4016 652 4065 seduli·
692 4015 734 4081 (ex
762 4018 828 4068 Chio
859 4018 946 4067 insula
973 4032 1020 4080 per
1044 4022 1143 4068 terram
1166 4017 1213 4063 ad·

127 4099 194 4156 tate,
222 4096 266 4145 cui
295 4096 442 4158 opponitur
464 4096 652 4158 pocillatorum
674 4093 1075 4159 ¹vehiomninononpoterat.)
1095 4091 1212 4157 tinardi

126 4175 199 4226 lento
209 4176 402 4226 accedentium
411 4187 498 4244 aeque
511 4175 579 4224 miro
593 4187 653 4240 gra·
692 4175 783 4226 vinum
797 4189 852 4225 non
866 4173 1010 4233 Graecum,
1025 4173 1071 4246 sed
1085 4171 1214 4221 adulteri·
