2856 4782
517 306 583 352 usu.
604 306 627 352 1.
663 307 736 352 sou.
758 307 803 356 tx.
1116 295 1191 366 131

107 439 245 528 Religio
270 443 334 506 est
377 440 428 505 nt
450 442 508 506 ni:
530 461 601 508 sum
624 447 725 529 ponto
746 446 919 540 infirmior,
940 469 1026 519 unus

106 560 306 626 Multorum.
350 561 530 649 Ignosces3
551 564 636 628 elios
657 566 785 651 loquer.
828 569 983 638 Huncine
1004 575 1108 642 solen

106 679 190 746 'fan
213 685 348 768 nigrum
369 699 509 748 surrexe
532 677 628 748 mihi!
649 685 753 774 Fugit
775 689 944 774 inprobus
964 711 1005 758 ne
1027 712 1079 760 me

107 797 181 868 Sub
204 803 315 868 cultro
337 804 467 885 linquit.
510 799 599 870 Casu
621 807 715 871 venit
738 808 858 874 obvius
879 811 927 876 1111

108 921 341 988 Adversarius
363 927 412 988 et:
438 921 512 1004 Quo
535 928 572 990 tn
594 921 813 1011 turpissime?
834 948 957 1020 magne
1152 931 1191 994 15

109 1152 182 1285 (ηοξ.
195 1167 253 1285 bcr.)
268 1153 313 1203 71.
332 1149 465 1216 Huncine]
487 1155 532 1205 bs.
552 1156 685 1207 fluorem
703 1157 741 1209 111.
761 1157 874 1210 norom
892 1174 917 1211 ο.
956 1176 981 1214 r.
1001 1159 1046 1212 74.
1066 1162 1143 1228 liquit
1161 1163 1189 1216 3.

148 1344 184 1396 11.
221 1360 248 1397 r.
269 1346 313 1396 ts.
333 1347 466 1398 timeor
483 1348 579 1400 teus.

137 1470 187 1520 111.
224 1470 468 1522 nudiustertius

106 1673 202 1712 neor.»
235 1660 328 1714 Con.
350 1662 399 1714 Cr.
427 1664 471 1714 Sie
491 1663 629 1727 tristoptr.
668 1665 782 1716 vadatus
810 1670 869 1716 erst
897 1681 925 1719 r.
951 1667 1015 1729 et,
1045 1669 1192 1721 Ouwensto

107 1740 184 1790 Pint:
203 1740 273 1790 etse
293 1739 351 1792 τῶν
367 1742 560 1813 χειροτεχνῶν
579 1744 631 1794 καὶ
668 1744 756 1794 Nocti.
771 1744 849 1806 fleg«
859 1744 886 1805 3,
904 1747 931 1796 5.
952 1760 979 1808 p.
997 1747 1059 1798 354.
1078 1753 1104 1798 et
1124 1747 1193 1801 Ros·

109 1819 160 1885 τῆς
181 1821 286 1882 πενίας
306 1819 513 1891 καταπαρδεῖν.
552 1820 630 1871 Sole·
667 1822 830 1888 dormitio:
852 1824 1002 1885 «Queehie
1015 1833 1190 1889 narrantum

107 1897 171 1946 bant
192 1903 285 1948 nutem
312 1897 351 1946 sie
375 1899 538 1948 luddeorunn
563 1900 630 1949 ritns
669 1898 770 1962 inquit,
799 1913 871 1952 onon
891 1905 1057 1954 conveniunt
1077 1907 1118 1967 et,
1145 1907 1192 1970 qui

107 1975 241 2026 deridere.
252 1976 390 2038 Augustus
399 1978 427 2026 in
436 1978 550 2040 epistola
559 1979 629 2042 apud
668 1977 853 2028 vadimonium
878 1979 1054 2043 deseruerat,
1080 1985 1127 2034 sed
1144 1985 1192 2047 qus

106 2055 178 2105 Suet.
193 2054 255 2104 Oet.
269 2055 319 2104 76:
343 2055 380 2104 Ne
400 2057 511 2104 Iudaeos
528 2055 631 2119 quidem
668 2057 756 2118 primo
774 2057 802 2105 in
823 2058 864 2106 ius
883 2064 994 2109 rosetus
1012 2061 1051 2109 ire
1069 2062 1190 2113 nolebat.

106 2139 159 2183 tom
171 2134 434 2198 dtttpentersotbotts
444 2135 631 2184 idoneorum-
669 2135 748 2184 Hune
763 2135 826 2185 lieet
841 2137 947 2186 obtorto
959 2138 1032 2187 sollo
1044 2146 1104 2201 post
1117 2145 1192 2191 ants·

105 2219 163 2268 not,
192 2226 276 2276 posom
294 2225 340 2276 epo
365 2212 574 2262 soresmos.
597 2235 628 2250 ·-
668 2214 811 2264 stetionem
832 2215 860 2265 iu
878 2214 919 2264 ius
937 2229 1043 2278 rupere.
1079 2218 1192 2270 Accedit

104 2287 220 2354 liettpio]
255 2290 409 2352 sonrputos.
445 2288 541 2342 Gnoss.
573 2291 630 2340 Be·
667 2292 740 2354 quod
757 2293 843 2352 magis
864 2307 913 2344 nos
932 2299 1021 2346 moret
1040 2297 1192 2359 imspoin·
1225 2341 1227 2348 ,

104 2369 237 2418 deoken.
253 2391 285 2404 -·
298 2363 444 2432 infimior]
465 2368 630 2419 «meticulo-
668 2369 792 2431 portori,
812 2371 834 2418 si
849 2372 982 2433 litigiosus
1003 2378 1030 2422 et
1046 2375 1191 2426 obseratus

106 2447 201 2496 sione
212 2447 457 2509 superstitiosior,s
475 2448 630 2496 seteoooh·
667 2447 805 2508 tingitur.»
832 2448 878 2498 ltst
893 2449 1013 2512 stiqoidr
1032 2453 1080 2501 sed
1099 2457 1190 2502 tumen

105 2526 227 2589 sinsin.
239 2547 272 2560 -
281 2538 350 2573 ornus
358 2523 517 2587 Muttomm]
533 2526 629 2576 sedeo·
667 2527 743 2588 lepos
755 2526 837 2575 totius
849 2526 902 2575 toci
915 2527 1062 2576 admodum
1075 2529 1191 2579 diminui

106 2617 156 2665 qus
188 2602 368 2667 popularibus
394 2605 629 2666 superstitionibus
667 2605 782 2659 ridetur,
799 2604 910 2654 utinen
926 2604 1109 2666 inteiligetnus
1125 2617 1191 2655 enn-

104 2681 266 2732 obnoxius.»
287 2681 332 2731 Sie
344 2681 487 2734 Stetsilr.
497 2683 523 2732 5.
539 2682 628 2732 Praei.
667 2683 729 2731 dem
743 2681 820 2730 ilium
830 2683 1015 2732 edversariunr
1025 2697 1052 2733 r.
1063 2683 1124 2744 87„
1144 2683 1192 2733 tro-

104 2774 216 2810 rnsureor
232 2760 321 2810 urbo.
353 2760 466 2811 Lueiau.
485 2761 579 2812 Somn.
596 2761 627 2810 9:
668 2761 770 2809 minem
785 2761 872 2810 titium
889 2762 1017 2824 eupidnm
1027 2767 1057 2813 et
1073 2763 1112 2812 rei
1126 2775 1191 2813 sues

104 2837 160 2890 sois
172 2837 208 2889 ἐκ
220 2838 276 2888 τοῦ
294 2837 407 2889 πολλοῦ
419 2836 517 2905 δήμου
529 2834 580 2902 εἷς.
597 2863 627 2874 -
667 2839 868 2899 annosorum,
889 2844 933 2900 nt,
953 2841 1035 2889 etiem
1048 2841 1071 2889 si
1090 2840 1191 2891 nebulo

106 2917 170 2966 Tem
189 2911 315 2981 mptum]
349 2917 560 2976 «dimetrum,
589 2918 629 2966 in·
667 2931 723 2966 nou
736 2930 917 2980 responsurus
933 2919 1009 2968 litem
1019 2921 1132 2982 perdere
1146 2920 1191 2970 ds·

105 2995 252 3044 reustum.»
277 2994 629 3058 Opponunturoondidtso·
669 2996 761 3056 hebet,
782 3001 888 3058 umen,
908 3002 937 3046 ut
957 2998 980 3045 ts
997 3011 1026 3047 se
1048 2998 1074 3046 in
1089 2997 1191 3048 iudicio
1253 3050 1257 3058 ,

106 3073 139 3123 tes
154 3074 255 3125 Cotutl.
277 3073 309 3134 8,
332 3074 359 3123 3.
381 3099 410 3110 ·-
430 3069 551 3135 torrere]
580 3088 629 3137 pro
667 3073 787 3134 sisteret,
815 3075 909 3124 mutiet
931 3081 1011 3137 atque
1033 3081 1146 3138 propter·
1162 3075 1190 3126 td

104 3155 260 3212 mnesteus,
281 3157 310 3200 nt
325 3151 412 3200 Lucii.
425 3151 452 3211 3,
465 3151 493 3200 4.
512 3153 627 3211 interm
668 3153 774 3214 ipsum,
795 3155 866 3216 quod
879 3155 947 3203 hors
959 3155 1103 3203 constituis
1117 3153 1191 3204 redi·

71 3224 74 3228 ’
105 3229 130 3289 5,
144 3231 169 3290 1,
183 3231 216 3280 e:
247 3232 361 3288 mamtt3
383 3230 477 3278 floret.
491 3229 547 3280 Set.
561 3233 587 3290 1,
601 3232 628 3290 5,
668 3231 791 3280 monium
815 3232 987 3290 desererent,
1015 3243 1077 3280 eum
1099 3231 1191 3280 denno

104 3309 146 3358 re.
166 3307 500 3370 erspsesnos;2‚3,16tt:
521 3307 628 3364 divisse:
667 3309 873 3371 iuiusrsperet.
905 3309 1004 3358 Contra
1013 3309 1042 3356 in
1051 3307 1190 3358 Ouweststi

104 3385 178 3446 1,-1,
200 3385 253 3434 68:
285 3387 387 3436 euasti:
416 3398 467 3434 use
483 3398 549 3436 vero
566 3386 629 3435 tolia
667 3388 772 3436 ratione
789 3387 823 3436 de
843 3385 920 3435 eaelo
939 3386 1073 3434 delebitur
1097 3383 1190 3434 neseio

105 3465 205 3526 respuit
214 3459 433 3525 virgittusmen.
442 3464 468 3522 1,
477 3463 546 3513 201:
561 3478 630 3514 oere-
667 3465 727 3527 quis
737 3463 806 3512 atius
816 3463 1002 3521 adversarium
1022 3475 1077 3525 quo
1090 3461 1112 3510 si
1121 3473 1189 3524 opus

104 3541 281 3601 semesos.
300 3538 630 3604 exstimemeet.)ln1tn·
666 3542 777 3600 suisset,
807 3541 873 3590 mihi
895 3541 1004 3603 quidem
1030 3552 1190 3602 persuasum

104 3621 141 3670 nii
161 3620 288 3682 reliquiis
313 3619 397 3682 epiris
422 3621 485 3670 tetis
510 3630 565 3670 non
587 3634 630 3670 su·
667 3625 716 3679 est,
731 3619 910 3668 Horatiumid
926 3632 981 3667 uno
998 3618 1094 3669 saltem
1107 3620 1191 3670 verbo

105 3703 226 3761 pessunt.
242 3721 274 3734 ···
287 3699 334 3747 sud
347 3695 445 3760 nsttro]
465 3699 542 3762 quasi
555 3699 629 3750 vieti-
667 3696 882 3760 significaturum
891 3696 985 3748 suisse.
1004 3696 1188 3760 Atqueomnt·

104 3772 175 3826 neni
192 3791 208 3826 e
228 3790 300 3840 popu
319 3777 429 3826 iamiam
448 3777 628 3826 mactandum.
667 3789 704 3826 no
724 3776 793 3824 miro
810 3780 882 3826 esset
897 3775 969 3838 epod
990 3777 1099 3837 potitam
1121 3776 1191 3828 hese

104 3855 196 3906 Simile
215 3856 392 3918 proverbium
409 3857 593 3904 intersererem
605 3861 629 3904 et
666 3854 751 3904 attero
772 3861 828 3904 tem
850 3855 938 3904 subita
961 3853 1030 3916 legis
1054 3855 1124 3904 sotio
1142 3865 1192 3915 per

104 3946 196 3984 seeum
221 3925 264 3984 est
280 3935 376 3988 131551Ἀ
393 3933 470 3996 capt.
490 3935 517 3993 3,
535 3933 563 3994 4,
583 3932 627 3982 34.
667 3945 763 3982 munus
782 3933 957 3982 iniectionem
975 3945 1085 3994 puram,
1106 3932 1191 3981 idest

135 4012 265 4063 15-73.
297 4010 485 4074 Adversarius]
506 4011 629 4061 diversus
666 4024 722 4060 non
738 4025 786 4074 pro
803 4011 938 4070 iudicato,
958 4009 992 4059 de
1008 4023 1060 4072 qus
1074 4009 1124 4058 otr.
1139 4008 1191 4058 tie·

103 4092 208 4142 videtur
221 4093 256 4142 sb
269 4090 329 4152 illo,
349 4089 629 4157 quihunehomineus
667 4089 723 4139 ium
733 4089 763 4149 4,
779 4089 823 4139 33.
845 4113 875 4126 ·-
895 4084 1057 4149 turpissim]
1078 4078 1101 4134 oi
1119 4097 1191 4147 μια·
