2916 4796
446 274 448 278 ’
517 295 582 343 ctu.
595 287 623 344 ἰ.
641 287 645 292 ’
665 289 860 344 rurscam.
1141 280 1221 351 ’437

133 433 305 520 Iuppiter3
334 433 482 522 August!
505 434 622 500 laudes
643 453 831 524 agnoscere
852 437 979 521 possis:
1045 430 1047 434 ’

132 553 215 620 Cum
237 555 365 636 pateris
385 555 521 638 sapiens
542 553 801 638 emendatusque
824 557 955 642 vocari,
1139 538 1145 552 '¹
1177 548 1219 612 3⁰

130 653 379 757 Respondesne
403 677 483 754 tuo,
506 674 560 740 dic
582 673 699 757 sodes,
722 667 879 740 nomine?
901 661 1028 758 Nempe
1119 683 1122 699 ‘

131 791 195 856 Vir
217 793 325 856 bonus
346 796 380 858 et
394 793 549 878 prudens
571 793 635 858 dici
659 789 810 858 delector
830 812 895 880 ego
918 810 958 858 ac
980 796 1026 858 tu.
1128 781 1129 784 ¹

131 907 199 991 Qui
223 911 314 976 dedit
336 912 399 977 troc
422 911 538 994 hodie,
560 930 656 993 cras,
678 913 706 976 si
729 914 836 986 volet,
857 913 1005 999 auferet,
1025 915 1070 976 ut
1084 914 1113 976 si
1142 898 1147 912 “

128 1030 301 1096 Detulcrtt
324 1033 437 1096 fasces
458 1012 614 1118 indigno,
637 1031 791 1096 detrahet
814 1031 915 1102 idom.¹
983 1027 985 1032 ’
1050 1113 1054 1119 .

127 1148 249 1233 Pone,
269 1167 374 1215 meum
397 1153 464 1236 cst3
487 1152 602 1235 inquit.
647 1150 743 1216 Pono
765 1153 936 1236 tristisque
958 1150 1090 1230 recedo.
1173 1146 1213 1210 35

182 1350 224 1399 1.Δ
243 1363 277 1404 v.
289 1350 334 1400 30.
353 1351 416 1400 Cam
433 1341 523 1413 coptos
541 1351 587 1402 lrS.
607 1353 723 1415 Fraueq.
746 1353 813 1402 item
827 1366 868 1413 c.,
889 1353 935 1402 scd
955 1366 1091 1416 superaer.
1102 1352 1225 1415 pereae

127 1432 156 1481 r.
177 1418 222 1468 33.
240 1425 271 1468 ot
290 1421 313 1469 rt
331 1430 467 1483 superscr.
484 1427 532 1470 out
551 1422 578 1471 b.
621 1434 647 1473 r.
667 1421 712 1472 ³4.
732 1421 847 1472 detrahit
865 1422 909 1471 bo.

134 1501 138 1505 ’
172 1524 209 1572 ll.
247 1538 274 1576 v.
293 1501 338 1575 29.
355 1526 509 1586 parieti.

156 1629 205 1679 lv.
241 1643 269 1682 r.
288 1629 332 1678 32.
350 1629 471 1680 docetor.
489 1631 546 1694 Epo
563 1643 596 1680 oc
614 1638 655 1682 ta.
674 1632 805 1694 doering.

92 1875 95 1878 Ι
126 1807 264 1870 potuerit,
284 1821 339 1857 non
360 1808 499 1858 nominato
520 1809 651 1871 Augusto,
691 1811 789 1861 nutsne
813 1811 897 1860 nimio
917 1814 964 1860 tuo
986 1810 1138 1873 laudatori,
1166 1811 1216 1862 mi·

127 1897 219 1946 neque
241 1885 394 1949 quomodo,
420 1886 491 1946 hoc,
519 1892 548 1935 ut
570 1901 653 1950 prope
690 1888 744 1937 titis
767 1889 869 1948 instar,
898 1889 944 1950 qut
965 1901 996 1936 er
1016 1888 1079 1938 albo
1102 1889 1215 1938 nomine

127 1975 241 2012 necesse
258 1967 324 2022 erat,
340 1952 488 2023 nominato,
506 1963 579 2012 Varii
596 1977 653 2014 rer·
690 1967 806 2024 citatus,
826 1967 917 2015 statim
936 1966 1099 2027 respondet,
1119 1979 1148 2014 so
1168 1967 1216 2014 ad-

127 2041 208 2091 siculi
225 2041 269 2104 vel
283 2042 318 2090 alr
334 2041 569 2102 impudentissimo
587 2042 652 2090 adu·
690 2057 769 2103 esse,
800 2058 834 2093 an
856 2044 940 2103 dicis,
963 2049 990 2092 te
1011 2049 1115 2093 tantum
1137 2056 1214 2106 praeb

125 2118 214 2168 latore
231 2118 265 2167 ad
283 2119 439 2178 Quinctium
452 2119 593 2168 transferri
606 2133 651 2181 po·
689 2121 799 2169 conium
809 2134 864 2169 non
875 2121 972 2170 mereri
983 2119 1019 2170 t'»
1038 2121 1097 2172 Lir.
1116 2121 1143 2176 3.
1162 2122 1213 2170 tt:

125 2197 239 2244 tuerint.
257 2218 285 2228 -
299 2191 411 2256 vacuae]
429 2200 459 2252 ut
470 2195 546 2246 Pers.
560 2196 586 2255 d,
601 2195 649 2245 50:
689 2197 797 2245 edicitur
812 2197 931 2245 delector.
952 2197 1070 2247 iuniores
1079 2223 1090 2233 -
1099 2223 1110 2233 ·
1119 2199 1154 2246 ad
1166 2211 1214 2246 no-

124 2275 301 2337 Nequthuom
318 2274 417 2336 populo
445 2273 545 2323 titulos
570 2275 651 2323 dona·
687 2275 760 2321 mino
785 2275 950 2334 respondent.
981 2297 1010 2308 -
1047 2275 1092 2322 Vir
1114 2269 1212 2334 bonus]

123 2353 195 2401 ocris
208 2347 301 2406 auree,-
314 2351 418 2401 claudis
430 2353 540 2416 cupidas
551 2357 577 2401 et
587 2352 651 2401 adu·
689 2351 783 2400 «Dices
801 2356 829 2401 tu
847 2350 979 2400 tortasse:
1000 2351 1081 2412 Quid,
1097 2356 1211 2414 quaeso,

124 2429 222 2479 lationi
249 2432 398 2490 patentes.»
421 2453 451 2464 -
474 2427 649 2492 permulcent]
689 2429 774 2489 magis
795 2431 1008 2477 consentancum
1032 2433 1073 2478 est
1098 2434 1213 2478 naturae

125 2511 222 2567 «grato
245 2507 326 2554 modo
347 2511 467 2567 tangat.»
498 2507 553 2556 (lic.
573 2506 648 2556 Orat.
687 2508 823 2557 humanae
853 2520 933 2571 qnam
965 2512 994 2556 ut
1023 2507 1138 2569 quisquc
1170 2506 1213 2556 vir

122 2583 177 2634 tu:
203 2584 278 2632 Duce
297 2589 359 2632 ruat
378 2597 432 2639 res,
453 2597 519 2646 petae
537 2585 650 2644 permut·
687 2586 774 2633 bonus
796 2585 849 2634 dici
867 2585 977 2647 cupiat?
1004 2575 1212 2645 Quocirca-ego

122 2667 201 2710 ceant
216 2674 306 2720 auree,
325 2674 404 2720 sonna
423 2667 449 2710 et
465 2673 595 2711 numerus.
618 2687 648 2698 -
687 2675 794 2724 quoque
815 2663 868 2712 hoc
892 2675 959 2713 aveo
988 2667 1014 2710 et
1039 2667 1128 2711 certus
1151 2674 1211 2709 sum

125 2735 305 2802 Tencmoptr]
327 2737 649 2801 ulliversussnntvarli
688 2747 713 2789 te
732 2741 803 2789 idem
821 2753 929 2792 avere.»
967 2739 1111 2789 Horatius:
1140 2740 1213 2789 «Vo-

124 2817 162 2864 in·
175 2816 340 2878 Panegyrico
364 2815 506 2878 Augusti.»
531 2817 597 2867 Aen.
624 2824 650 2867 et
687 2823 840 2868 rumtamen
860 2819 924 2868 talia
937 2817 1010 2880 volgi
1028 2817 1127 2866 iudicia
1143 2831 1213 2866 sem·

123 2893 224 2944 (lotiti-¹
242 2893 291 2944 Cn.
315 2888 533 2944 Gim'Weiclrert
558 2895 590 2943 de
616 2895 645 2944 L.
687 2907 735 2957 per
757 2895 865 2945 fallacia
892 2899 954 2946 sunt
980 2901 1060 2959 atque
1087 2893 1210 2964 ineerta,

123 2971 206 3020 Vario
226 2985 252 3031 p.
272 2970 316 3020 55.
338 2971 368 3005 ·'—
385 2969 485 3034 porcia]
518 2971 584 3032 «Si,
604 2973 645 3020 in·
687 2973 741 3031 ita,
768 2978 815 3033 ut,
848 2974 900 3022 nisi
926 2974 1010 3023 virtus
1038 2964 1083 3022 tua
1110 2973 1212 3021 nitatur

124 3047 646 3110 quam,haeccoramtcaltquisdieat,
686 3049 862 3100 fundamento
891 3051 972 3112 longe
1002 3050 1146 3106 firmiore,
1183 3050 1210 3098 id

123 3127 190 3174 sane
212 3137 344 3186 agnoscas
367 3121 458 3189 (facile
479 3124 591 3188 sentias)
616 3141 647 3190 ea
686 3133 743 3186 est,
774 3133 847 3176 recta
875 3128 1059 3192 conscientia,
1080 3127 1210 3190 ,qnotidie

123 3203 172 3252 uni
184 3201 308 3270 Augusto
321 3197 406 3254 tribui
419 3218 515 3266 posse,
535 3210 561 3254 et
574 3204 647 3254 illico
685 3203 808 3252 excidere
833 3204 903 3252 bona
926 3203 973 3252 ilia
994 3191 1066 3264 apud
1090 3202 1211 3252 multitu·

74 3283 75 3286 ’
123 3293 236 3344 respuas
254 3281 438 3330 adulationem
454 3287 508 3331 tam
531 3295 651 3344 exagqe-⁴
685 3281 776 3330 dinem
795 3279 867 3328 lama
888 3291 940 3329 nec
961 3284 1068 3338 tamen,
1097 3285 1126 3327 ui
1145 3279 1210 3328 iacit

123 3357 221 3407 ratam.
266 3358 328 3407 Alia
342 3358 455 3408 tortasse
473 3372 515 3408 res
536 3360 603 3418 erit,
624 3359 646 3406 si
684 3371 747 3407 vere
766 3357 889 3418 sapiens,
910 3360 1040 3405 mutatam
1061 3356 1208 3405 hanccine

123 3435 183 3498 quis
209 3440 236 3485 te
264 3437 491 3502 sapientissimum
522 3437 646 3498 vitiisque
684 3435 841 3498 opinionem
859 3439 970 3496 propter
992 3431 1208 3494 magnitudinem

122 3511 250 3576 omnibns
262 3519 399 3563 carentem
415 3514 566 3576 praedicot;
585 3514 645 3562 fieri
683 3513 767 3562 animi
785 3525 879 3562 secure
894 3513 1034 3572 despicere
1051 3505 1164 3572 queas.»
1176 3532 1207 3543 ·-
1253 3563 1258 3568 ι

121 3592 196 3639 enirn
222 3595 336 3652 posset,
363 3595 393 3640 ui
418 3591 646 3653 quemadmodum
682 3585 904 3652 utrtDetolert't]
925 3589 984 3639 Non
1004 3593 1061 3643 est,
1081 3585 1208 3637 utvoluit

121 3667 209 3717 solent
226 3668 367 3731 plerique,
398 3674 426 3718 tu
445 3683 552 3731 quoque
574 3670 651 3736 hanc*
683 3681 832 3727 nonnemo,
847 3669 885 3715 osi
901 3667 962 3728 quis
976 3665 1129 3724 detulerit»
1144 3665 1207 3714 sed:

121 3745 230 3794 laudem
248 3746 277 3794 in
297 3747 323 3796 tc
343 3745 439 3796 merito
457 3745 574 3796 conierri
591 3749 646 3796 exi·
684 3759 698 3790 a
706 3746 728 3794 si
750 3745 866 3807 populus
890 3745 1027 3793 Romanus
1051 3743 1207 3816 detulerint¹

121 3815 273 3872 alienares.»
319 3821 410 3873 llinus
437 3827 510 3873 recte
537 3817 583 3873 alii
611 3823 645 3872 si·
684 3845 714 3860 -
734 3835 817 3870 meum
836 3818 888 3882 ert]
909 3821 1046 3883 old‘quod
1068 3822 1139 3870 ultro
1159 3819 1206 3868 tibi

121 3911 205 3958 gnum
225 3901 444 3964 interrogationis
461 3899 565 3965 ponunt
585 3906 645 3964 post
670 3899 829 3974 'aliquando
848 3897 929 3958 dedi,
958 3903 985 3947 tu
1006 3899 1209 3959 precartopos-

122 3989 148 4025 ν.
165 3979 260 4036 porcia.
320 3973 323 3978 '
599 3977 601 3980 ’
683 3975 782 4024 sidoso
799 4001 827 4011 -
843 3973 1086 4036 trtattrqnerecedo]
1105 3973 1208 4021 «Aliter

110 4072 112 4076 ’
130 4063 134 4070 ’
155 4052 187 4101 31
199 4055 291 4105 ⁶1³5.
339 4053 533 4119 Respondeant]
565 4053 645 4105 oAn·
670 4053 741 4102 ⁷tleri
755 4054 865 4114 nequit,
876 4055 967 4114 'quam
980 4058 1023 4114 ut,
1044 4047 1094 4102 etsi¹
1107 4045 1207 4102 invitus
