2920 4792
224 267 320 346 244
414 251 419 261 ’
616 289 755 338 uonarn
777 283 978 332 santernum

238 439 349 501 Heres
371 436 423 517 et,
444 433 473 496 sl
490 431 569 516 quis
590 448 690 496 casus
712 445 849 512 puerum
872 425 981 513 egerit
1003 419 1112 507 Orco,

240 549 281 620 ln
303 573 444 619 vacuum
466 553 599 616 venias:
621 567 760 634 perraro
782 548 867 613 baec
888 547 963 612 elea
985 545 1084 610 fallit.
1286 537 1327 599 bd

192 662 193 668 ἵ
242 673 307 756 Qui
328 675 561 738 testamentum
584 669 696 734 tradet
718 669 778 733 tihi
800 685 930 752 cunque
951 663 1147 754 legendum,

242 795 404 860 Abnuere
426 799 461 856 et
483 793 616 858 tabulas
637 809 658 854 a
679 793 714 854 tc
735 805 909 853 removere
932 789 1109 867 memento,

243 909 302 981 Sic
326 882 450 995 tannen,
473 915 510 976 ut
532 913 616 977 limis
637 913 767 993 rapias,
792 907 869 994 quid
891 910 995 994 prima
1016 903 1165 971 secundo
1224 952 1226 956 ,

245 1035 332 1100 Cera
353 1035 435 1098 velit
457 1051 558 1097 versu
565 1051 575 1117 3
596 1013 689 1096 solus
713 1031 865 1112 multisne
888 1027 1044 1109 coheres,

244 1154 363 1218 Veloci
385 1170 543 1238 percurre
566 1153 673 1218 oculo.
717 1151 915 1242 Plerumque
936 1150 1092 1218 recoctus
1287 1141 1328 1203 55

245 1269 366 1350 Sariba
388 1293 431 1339 ex
454 1274 671 1358 quinqueviro
696 1291 832 1338 corvum
855 1269 991 1336 deludet
1013 1270 1175 1352 hiantem,
1208 1309 1210 1314 -

246 1393 474 1479 Captatorque
496 1393 588 1458 dabit
609 1395 696 1457 risus
718 1392 839 1461 Nasica
863 1387 1005 1458 Corano.
1209 1381 1212 1388 ’

300 1568 321 1619 1.
358 1583 384 1619 v.
404 1569 448 1618 53.
468 1568 591 1618 limnas.
612 1563 678 1632 (nou
697 1565 752 1631 bc.)
791 1563 828 1630 (v.
849 1566 893 1616 56.
913 1566 1022 1615 liabent
1039 1566 1141 1616 deludet
1158 1563 1233 1629 bSe.)

285 1665 322 1716 11.
359 1679 385 1715 v.
405 1665 450 1715 56.
470 1665 568 1715 deludit
587 1665 616 1714 F.
637 1679 652 1714 a
671 1665 754 1714 codd.
1198 1673 1200 1678 '

245 1805 339 1866 sentim
352 1804 571 1866 atque-moderate
578 1805 614 1852 ad
621 1806 696 1852 istim
705 1805 770 1852 ami·
808 1817 886 1853 versu
896 1817 957 1853 eum
964 1803 1120 1854 nominatus
1130 1807 1199 1853 esset
1209 1807 1330 1857 testatur,

246 1882 336 1930 citiam
348 1882 511 1942 adrepeeret.
530 1906 554 1916 -
570 1887 599 1930 nt
609 1889 633 1931 et
644 1879 769 1943 scribare]
809 1882 968 1945 plerumque
982 1882 1110 1931 continuo
1124 1882 1156 1930 ad
1170 1881 1277 1930 heredis
1291 1881 1332 1930 in-

249 1957 355 2020 llupliei
376 1965 400 2007 et
421 1959 520 2020 duplex
541 1964 662 2022 optatum
681 1965 770 2022 capta·
809 1963 973 2012 stitutionem
999 1961 1160 2010 transibant.
1199 1960 1332 2021 Apuleius

250 2036 315 2084 toris
326 2042 397 2084 recte
406 2037 590 2098 distinguitur,
602 2038 727 2098 altarum,
742 2044 771 2088 ut
809 2039 941 2102 Apologia
960 2041 991 2088 2:
1016 2039 1083 2104 depe
1093 2041 1184 2100 potine
1197 2045 1332 2087 testamen

249 2117 311 2162 ante
325 2115 416 2163 omnia
431 2116 566 2164 secundus
579 2117 657 2165 heres
671 2119 771 2167 scriba·
809 2125 880 2175 tum,·
899 2119 946 2166 boe
958 2119 1083 2179 reperies,
1104 2123 1128 2165 et
1150 2117 1252 2179 quidem
1263 2128 1333 2174 *mete

250 2193 445 2252 tonnitorum,
461 2197 719 2256 utpuermoriatur.
739 2221 770 2231 -
809 2210 827 2245 a
836 2197 985 2258 principio:
1009 2195 1147 2244 Stertinius
1164 2196 1274 2244 Puniens
1294 2205 1332 2242 rr·

250 2271 330 2334 eperit
349 2268 424 2332 Orco]
446 2272 495 2321 Od.
511 2275 536 2333 l,
557 2275 600 2334 ab,
622 2276 671 2324 18:
690 2276 772 2338 Nipro
809 2287 868 2324 urus
886 2287 958 2324 unus
974 2287 1067 2324 nonus
1087 2287 1164 2324 nano.
1192 2272 1247 2322 Cir.
1262 2272 1333 2321 Bris-

250 2349 403 2410 eompulerit
426 2351 570 2402 Mercurius
599 2356 682 2418 prepi.
720 2353 770 2403 Od.
810 2367 870 2404 son.
880 2355 970 2402 Ferm.
980 2353 1058 2410 ’1,11.
1071 2353 1241 2403 Contrarium
1253 2353 1334 2404 habet

250 2428 276 2486 1,
298 2427 341 2482 28,
364 2431 416 2477 to:
437 2430 503 2480 Orco
519 2432 666 2482 demissum.
703 2432 772 2482 Mire
811 2431 1335 2482 SuettlaesfldrinimoeeraC.Oete·
1405 2417 1410 2427 ’

250 2501 399 2556 FeaeCod.
418 2507 636 2573 Va.A.arroqet
653 2510 771 2560 Oreo·
810 2513 881 2558 mum
904 2534 916 2545 ·
939 2535 950 2546 ·
975 2511 1004 2559 in
1033 2511 1163 2573 familiam
1192 2525 1334 2575 nomenque

249 2583 279 2642 in
297 2582 425 2646 naeniam]
456 2591 501 2634 «ut
523 2587 550 2635 in
573 2588 773 2650 possessionem
811 2589 962 2650 adoptauit.
990 2613 1019 2626 -·
1048 2587 1132 2651 tolno]
1152 2591 1232 2640 lieres
1252 2592 1335 2653 igitur

250 2673 363 2710 vacuam
375 2663 473 2713 beredo
487 2667 616 2714 succedas
632 2672 658 2715 et
671 2679 701 2715 er
713 2679 772 2714 asse
811 2679 843 2714 er
861 2679 931 2715 asse.

249 2736 422 2810 heresntias.»
451 2742 771 2802 EstICtorumrerbum;
857 2789 862 2796 .
1094 2783 1098 2792 .

249 2825 347 2862 uncam
360 2823 386 2865 et
398 2831 481 2867 uneno
491 2825 618 2881 possessio
631 2822 773 2884 aliquoties
845 2823 879 2872 55
888 2822 970 2872 -58.
1006 2821 1169 2887 Plerumque]
1184 2825 1334 2891 «Persaepe

251 2893 386 2953 reperitur
405 2897 476 2956 apud
499 2895 613 2960 Gaium,
635 2905 664 2950 ut
682 2902 708 2960 2,
728 2901 772 2948 51.
812 2902 910 2950 accidit
934 2901 994 2950 aliis
1023 2915 1131 2965 quoque
1152 2904 1224 2952 idem
1256 2905 1333 2965 illud,

250 2967 278 3025 4,
299 2968 358 3045 131.
381 2994 411 3004 -
432 2971 514 3036 limis]
535 2978 668 3041 «obliquis
687 2981 773 3030 oeulis
812 2979 883 3040 qtrod
901 2979 1132 3041 nuperNasieaa,
1154 2979 1242 3044 (cuius
1264 2983 1335 3032 eala-

252 3046 351 3106 'allum
374 3048 476 3110 legas.»
496 3052 563 3104 Aca.
585 3057 647 3106 Ter.
662 3059 731 3109 Eun.
746 3061 772 3120 3,
812 3059 890 3106 milas
912 3062 975 3108 tune
997 3059 1103 3109 videtur
1128 3061 1229 3110 derisui
1251 3061 1334 3111 luisse

252 3122 278 3182 5,
304 3124 356 3176 53:
388 3142 434 3192 eqo
459 3130 527 3180 limis
551 3143 636 3196 specio
662 3136 703 3186 Sic
726 3151 775 3198 per
812 3138 928 3197 civitati;
948 3139 1215 3191 aciortasseeadenn
1231 3143 1335 3192 induxit

251 3199 381 3264 flabellum
394 3207 548 3260 clemoium.
565 3237 595 3247 -
606 3215 696 3276 prima
707 3216 774 3265 -Ge-
812 3216 954 3266 Horatium
968 3218 1001 3266 ad
1015 3219 1207 3269 describendos
1225 3221 1277 3269 hae
1294 3234 1336 3270 sa·

252 3276 300 3342 ru]
339 3281 370 3332 V.
391 3299 451 3335 cera
473 3294 503 3336 ut
527 3290 720 3356 homonymum
746 3307 772 3342 v.
811 3294 862 3342 tira
879 3292 1070 3359 heredipetas.)
1092 3321 1123 3332 -
1145 3296 1270 3360 recoctus]
1290 3301 1336 3348 lie-

240 3355 357 3419 'rabulae
381 3365 596 3428 coniungebatur
620 3371 647 3419 in
672 3384 775 3420 nuncu·
812 3385 918 3434 coquere
936 3374 1043 3437 saepius
1058 3383 1202 3438 usurpatur
1220 3391 1270 3440 pro
1290 3378 1334 3426 nin

252 3437 361 3496 petione
380 3445 541 3496 testamenti.
572 3447 772 3509 Gaiusztdl:
812 3451 879 3500 alios
902 3451 1132 3516 formaremus»
1161 3461 1190 3508 ut
1213 3456 1286 3506 Flor.
1307 3456 1333 3517 3,

191 3537 195 3546 ·
254 3512 375 3602 (ertator
398 3522 501 3572 tabulas
521 3529 669 3577 testamenti
688 3534 774 3576 tenena
812 3529 861 3578 20:
890 3530 994 3594 eserro
1019 3519 1209 3596 erqaatnlornm
1234 3539 1335 3583 recocto

252 3595 293 3638 tte
305 3593 383 3644 dicit:
400 3599 470 3648 Haec
482 3602 531 3662 ita,
545 3610 574 3652 nt
587 3606 616 3652 tn
627 3606 666 3652 bia
679 3605 775 3654 tobalia
812 3607 914 3671 plodioe
926 3622 958 3657 ae
970 3610 1023 3659 tela
1037 3612 1167 3674 fecerunt:
1187 3617 1227 3661 est
1242 3613 1333 3674 igitur,

254 3670 367 3732 certaque
387 3679 486 3739 scripta
506 3687 582 3739 aunt,
602 3684 642 3730 ita
662 3683 710 3736 do,
735 3684 775 3730 ita
814 3692 841 3734 ut
854 3700 903 3736 nos
917 3688 1032 3737 dicimus
1050 3692 1333 3754 umqeeebmolaen,

254 3741 319 3834 lupo,
339 3751 379 3799 ita
404 3758 497 3812 testor,
517 3759 608 3820 itaque,
624 3772 685 3818 voa,
714 3760 775 3820 Qui·
796 3767 1021 3830 ‘nmpesermm
1042 3774 1159 3818 »mutata
1170 3771 1259 3831 priore
1270 3782 1335 3819 con·

253 3829 327 3883 mter,
341 3833 514 3882 testimoninm
529 3838 593 3884 mibi
606 3837 773 3898 perhibetote.
813 3844 920 3894 dicione
951 3845 1037 3896 laetus
1064 3848 1225 3910 quaesticuli
1252 3861 1335 3897 causa

254 3896 313 3991 Hoc
339 3906 420 3968 igitur
442 3912 521 3962 dieit:
550 3914 634 3975 «iege
658 3917 773 3977 occulte,
813 3921 900 3971 scriba
919 3936 950 3972 er
971 3925 1180 3988 quinqueviro.»
1220 3925 1275 3976 aiii
1291 3939 1335 3975 ex-

253 3980 774 4049 qurdseriptumrltsecundoversuin·
813 3999 914 4062 plicant
941 4002 1078 4065 «vairam,
1101 4011 1246 4065 astutum.»
1273 4019 1336 4067 pro·

254 4055 327 4110 dealt
336 4064 413 4126 initia
423 4071 773 4138 testamenti3nnrmprimo
812 4085 938 4130 vocantes
951 4082 984 4130 ed
998 4082 1153 4144 Catullidb,
1167 4084 1198 4134 ὅτ
1226 4085 1335 4148 antio
