2928 4794
233 320 312 388 288
609 338 750 384 noaarn
771 336 973 383 sarreanun

234 481 380 545 Divitias
401 471 555 545 miseras!
578 471 649 544 Sed
672 478 745 561 quis
766 477 987 542 coenantibus
1009 494 1095 561 una,

233 596 405 681 Fundani,
428 599 565 685 pulchre
588 600 689 662 fuerit
711 599 786 676 tibi,
813 615 913 660 nosse
936 597 1063 661 laboro.

159 782 161 788 .
235 718 389 788 Summus
411 740 476 809 ego
498 723 532 784 et
555 739 661 804 prope
682 737 734 782 me
756 717 878 783 Viscus
901 717 1124 800 Thurinuset
1146 716 1255 806 inira,
1279 713 1319 773 20

234 838 274 908 Si
297 842 441 924 memini,
463 839 603 922 Varius,
626 857 697 904 cum
720 835 866 905 Servilio
889 838 1073 902 Balatrone

235 962 404 1049 Vibidius,
427 980 510 1046 quas
530 961 717 1026 Maecenas
738 957 927 1024 adduxerat
948 959 1093 1024 umbras.

288 1159 311 1208 1.
348 1173 375 1212 v.
395 1158 439 1208 20.
461 1159 607 1206 Teucriam
624 1170 648 1206 c.
675 1170 701 1208 v.
721 1155 766 1204 22.
786 1167 851 1220 quus
869 1166 1005 1216 superscr.
1026 1164 1090 1216 quoa
1109 1151 1136 1202 S.
1156 1164 1220 1216 quos
1238 1152 1282 1201 bc.

278 1264 315 1314 11.
352 1279 379 1316 v.
399 1264 443 1313 22.
463 1276 528 1326 quos
546 1262 621 1314 LCT.

263 1370 314 1420 111.
351 1384 378 1422 v.
398 1371 442 1420 22.
464 1383 528 1434 quos

264 1476 310 1528 IV.
347 1491 390 1530 vv.
411 1475 454 1545 18.
474 1477 689 1539 taetrumque,
708 1473 825 1524 Diuitias
843 1474 961 1524 11111111.
999 1471 1049 1524 Sed
1067 1470 1213 1522 Heindorf.

173 1645 180 1658 ·
236 1635 321 1681 num,
353 1633 384 1670 er
415 1619 508 1669 Italico
534 1622 756 1682 praeparatum‚»
795 1618 844 1667 tim
856 1619 986 1681 sequitur,
1001 1617 1122 1680 proxime
1132 1617 1320 1666 antecedentia

237 1714 317 1762 quam
328 1705 413 1748 artem
426 1712 492 1747 sane
505 1698 672 1747 factitabant.
694 1697 758 1746 Cato
797 1697 909 1746 Horatio
927 1697 1071 1746 adiudicat.
1099 1696 1213 1744 Miserae
1226 1696 1319 1755 igitur,

236 1779 394 1828 atatim.
420 1777 525 1844 Colum.
547 1777 589 1834 12,
610 1776 653 1826 37.
796 1790 867 1838 quae
895 1776 1043 1838 possessori
1074 1776 1197 1824 miserias
1226 1777 1322 1823 creant

272 1855 315 1905 18.
336 1857 378 1904 19.
415 1855 530 1903 Divitias
542 1853 660 1912 macras]
679 1853 759 1900 Beni·
797 1868 828 1902 ac
843 1855 1066 1913 sollicitudinem,
1080 1859 1110 1902 ut
1123 1854 1178 1902 Sat.
1192 1853 1219 1911 2,
1233 1853 1260 1912 6,
1274 1852 1318 1901 79:

237 1934 306 1983 icius
326 1935 385 1982 ideo
405 1934 513 1980 miseros
532 1933 585 1980 dici
606 1931 757 2001 contendit,
797 1946 857 1994 opes
866 1935 1001 1982 sollicitae.
1016 1934 1235 1983 Mtrscunnurcn.
1257 1932 1321 1982 Fre-

237 2013 309 2076 quod
323 2017 418 2060 nactae
435 2011 488 2059 sini
502 2011 642 2058 dominum
655 2008 758 2058 fatuum
797 2025 883 2072 quens
895 2012 1039 2060 sententia.
1051 2011 1105 2059 Cir.
1115 2010 1319 2072 Arrianlipict.

237 2097 264 2142 et
284 2091 442 2151 indignum.
471 2090 516 2151 qui
542 2103 587 2138 eas
613 2089 757 2151 possideat.
797 2090 822 2150 3,
843 2091 886 2150 22,
907 2091 955 2139 27:
981 2085 1068 2139 Ἴδετε
1080 2086 1151 2152 τοὺς
1164 2087 1216 2140 νῦν
1229 2089 1326 2140 acteo·

236 2169 494 2231 Gesner:«quaesic
505 2169 649 2218 sollicitum
659 2168 759 2216 habent
797 2169 889 2230 σίους,
902 2161 977 2232 ὅσης
994 2167 1126 2234 οἰμωγῆς
1145 2161 1163 2218 ὁ
1180 2167 1247 2230 βίος
1264 2161 1321 2216 αιῗ-

238 2250 394 2307 dominum‚
424 2262 504 2311 quem
526 2249 603 2310 copia
625 2249 759 2296 incertum
796 2246 853 2296 τῶν
865 2243 976 2312 μεστός
991 2245 1079 2296 ἐστιν.
1100 2271 1131 2280 -
1147 2245 1255 2307 pulchre
1266 2246 1321 2308 [uc-

237 2327 332 2388 iaciat,
362 2328 426 2390 quid
446 2328 503 2385 dei,
527 2327 591 2388 quid
610 2341 664 2375 non
686 2327 757 2374 det.»
796 2322 843 2387 rit]
864 2324 919 2375 Cir.
938 2325 993 2374 Sat.
1008 2324 1034 2384 2,
1049 2324 1075 2383 2,
1095 2325 1155 2373 120.
1171 2348 1202 2358 -
1217 2318 1319 2386 laboro]

238 2406 292 2454 atii
317 2406 411 2454 eadem
435 2406 516 2455 verba
541 2405 678 2455 Nasidieni
705 2417 759 2454 ser·
796 2404 824 2452 h.
844 2403 870 2456 1.,
886 2405 992 2465 «cupio,
1013 2417 1107 2452 aveo.»

238 2483 313 2534 moni
331 2485 500 2534 annectenda
515 2489 633 2544 censent,
653 2483 758 2532 reculas
831 2483 955 2533 20-21.
993 2478 1128 2542 Scammos]
1159 2481 1198 2530 De
1223 2481 1320 2530 ordine

238 2578 300 2614 suas
329 2565 364 2613 ita
391 2565 575 2622 extenuantis3
609 2563 689 2624 idque
710 2562 759 2610 etsi
797 2559 1319 2610 convivarumvideEacursumadh.i.

236 2643 389 2692 aBentieio
403 2648 539 2707 tamquam
560 2642 758 2703 ineptissimum
797 2639 899 2689 Novem
921 2646 1010 2687 autem
1035 2645 1098 2687 sunt
1116 2639 1260 2696 convivae,
1288 2651 1320 2688 ex

237 2723 384 2779 reiectum,
411 2719 584 2770 Heindorfius
610 2719 759 2782 patrocinio
798 2717 876 2767 soiito
887 2719 957 2779 apud
968 2719 1105 2766 Romanos
1118 2731 1209 2766 more:
1230 2717 1318 2766 Piaut.

179 2813 181 2816 ·
238 2813 286 2848 suo
305 2799 416 2858 dignum
437 2798 542 2845 censuit
563 2798 676 2859 eiusque
698 2811 759 2848 cau·
798 2797 880 2847 Stich.
900 2798 926 2857 3,
946 2798 972 2856 2,
993 2797 1036 2846 31.
1058 2797 1142 2846 Varro
1162 2797 1232 2860 apud
1248 2797 1319 2846 Geli.

238 2892 296 2926 sam
315 2882 369 2926 tam
387 2876 485 2924 acriter
501 2876 564 2936 egit,
583 2881 612 2924 ut
630 2877 721 2935 verba,
737 2877 759 2924 si
799 2875 840 2929 13,
861 2877 904 2923 11.
924 2876 1050 2938 idemque
1069 2880 1207 2936 comparet
1229 2876 1255 2924 in
1276 2876 1321 2923 tri-

238 2957 272 3004 ab
289 2953 400 3003 Horatio
418 2967 581 3019 quocunque
599 2968 680 3004 sensu
700 2970 759 3017 pro·
798 2954 872 3002 cliuii
902 2954 1054 3016 anaglypho
1088 2954 1212 3002 atestino
1246 2954 1320 3016 apud

238 3035 291 3082 lata
310 3033 511 3094 acciperentur,
532 3034 609 3083 vaide
628 3035 718 3082 ieiuna
734 3041 760 3083 et
797 3033 982 3081 Furianettum
1002 3033 1065 3081 iser.
1084 3033 1112 3080 di
1131 3034 1190 3081 Este
1210 3047 1237 3094 p.
1257 3032 1319 3082 165.

238 3112 758 3173 ineptaduceret,contraaNasidieno
797 3137 829 3146 -
851 3113 938 3160 Viscus
959 3109 1103 3172 Tituriana]
1132 3112 1250 3170 Thuriis,
1272 3111 1320 3160 Ca·

238 3191 351 3244 adiecia,
368 3190 464 3255 quibus
481 3189 633 3239 divitiarum
648 3204 756 3240 suarum
796 3189 899 3240 labriae
913 3191 1021 3253 oppido.
1041 3190 1181 3249 oriundus,
1202 3204 1255 3252 quo
1272 3204 1320 3240 co-

238 3270 459 3323 mmutationem,
475 3283 644 3336 quamquam,
658 3271 758 3320 insulse
797 3271 925 3330 gnomine
939 3269 1113 3329 distinguitur
1131 3282 1146 3317 a
1163 3269 1250 3317 Viscis
1267 3268 1320 3317 ira·

237 3347 394 3407 admodum,
409 3349 544 3407 corrigere
560 3349 689 3408 studeret,
704 3363 760 3398 ma·
796 3340 891 3408 tribus,
913 3349 1017 3397 Horatii
1035 3349 1138 3397 amicis.
1162 3347 1217 3396 Sat.
1233 3349 1259 3406 1,
1275 3349 1318 3407 10,

236 3427 306 3476 xima
323 3425 759 3488 vieteisrcaciapolierecontcn-
795 3429 839 3476 83.
861 3451 892 3462 -
914 3422 1022 3487 Varius]
1050 3429 1139 3489 podia.
1168 3425 1224 3475 Sat.
1245 3427 1271 3485 1,
1291 3426 1318 3486 5,

237 3503 758 3564 deret.VerumsiNasidienisunt‚non
795 3507 839 3556 tc.
862 3530 889 3539 -
911 3502 1031 3567 Servilio]
1053 3505 1147 3568 irisyii.
1185 3505 1219 3554 ln
1236 3520 1319 3555 num-

232 3581 377 3643 uorrigunt
390 3583 467 3630 istam
479 3584 696 3643 ostentationem,
711 3585 757 3632 sed
796 3586 862 3633 mis:
888 3584 917 3633 C.
936 3584 1079 3634 Sanuarer.
1107 3584 1188 3643 Huic,
1203 3589 1319 3633 1111111-

237 3662 362 3709 simulato
376 3661 531 3710 divitiarum
545 3669 701 3724 contemptu
711 3677 758 3714 no·
795 3678 851 3723 rae,
872 3663 951 3724 volgo
976 3664 1089 3712 dabatur
1106 3669 1319 3723 cognomentum

237 3752 297 3788 vam
309 3738 434 3800 produnt.
446 3739 554 3787 Rectius
564 3741 652 3802 itaque
663 3745 756 3800 agunt,
795 3743 917 3791 Boiotro.
937 3741 991 3790 Cir.
1007 3742 1062 3792 Sat.
1083 3743 1108 3800 1,
1129 3742 1154 3802 2,
1173 3743 1200 3791 2.
1222 3767 1253 3776 -
1276 3742 1318 3792 Vi·

238 3817 283 3877 qui
304 3816 495 3875 Nasidienum,
522 3817 585 3865 dum
611 3818 700 3868 lautus
726 3832 757 3867 ao
795 3817 894 3882 didius]
927 3821 1008 3869 homo
1034 3819 1152 3882 ignotus.
1180 3842 1209 3855 -
1237 3815 1315 3883 quos]

237 3894 358 3946 liberalis
368 3894 451 3944 videri
462 3893 525 3953 voit,
537 3895 757 3957 hacipsaiactata
794 3897 869 3947 Haec
891 3898 970 3946 iectio
997 3904 1113 3960 praestat
1138 3898 1216 3946 alteri
1242 3912 1315 3960 quoa,

235 3973 397 4022 liberalitate
438 3973 574 4021 sordidam
616 3975 756 4024 avaritiam
795 3975 1316 4038 11101511111111111111,(811811.

238 4053 397 4114 prodentem
410 4053 443 4100 ab
455 4051 565 4100 Horatio
576 4053 692 4102 derideri
704 4054 757 4102 exi·
793 4055 842 4104 58:
875 4056 922 4103 Est
952 4055 1020 4102 iocus
1048 4057 1077 4103 ia
1103 4067 1220 4114 carcero,
1249 4055 1318 4117 qood

237 4131 356 4182 stimant.
389 4131 436 4182 vet
454 4130 522 4182 iliud
537 4132 595 4188 sed,
616 4133 687 4196 quod
705 4137 756 4182 ota·
795 4131 1079 4196 1'uiiioaumdioitur:)
1093 4138 1120 4184 ot
1132 4133 1239 4184 facilius
1249 4131 1315 4182 iem.
