2916 4796
231 311 311 384 378
577 335 714 383 nonant
737 300 974 380 nusronnrtun

149 471 151 476 ’
227 477 409 542 porrectus
430 477 548 560 spatiis
571 493 633 541 nee
655 475 778 539 multae
800 471 963 558 prodigus
984 469 1126 535 herbae:

228 595 365 683 Atride,
388 598 494 681 magis
515 599 596 681 apta
618 596 677 663 tibi
700 599 758 660 tua
780 592 869 660 donn
890 593 1084 676 relinquam.

227 717 371 782 Parvum
394 716 658 801 pervaderent:
685 715 761 779 milti
783 716 847 778 ium
870 713 1056 798 uonregla
1078 709 1203 788 Roma,
1286 743 1289 746 -

228 832 298 904 Seu
321 855 460 904 vaenum
482 836 585 902 Tibur
607 837 719 921 plaoet
740 841 799 900 aut
821 835 951 899 imbelle
974 831 1166 896 Tarentum.
1276 823 1318 886 45

226 953 393 1024 Strenuus
415 962 449 1022 et
472 957 573 1021 tortis
592 959 771 1040 causisque
793 953 967 1038 Philippus
988 952 1131 1039 agendis

225 1075 359 1163 curus,
380 1079 423 1143 ab
446 1079 565 1144 uitieiis
587 1083 740 1144 octavam
762 1077 898 1142 circiter
921 1073 1033 1138 boram
1141 1091 1144 1098 “

229 1201 312 1264 llum
334 1199 420 1264 redit
443 1203 542 1283 atque
567 1199 653 1263 Foro
677 1198 808 1262 nimium
830 1195 956 1260 distare
978 1189 1132 1258 Carinas

269 1389 306 1438 11.
342 1403 369 1438 u.
385 1359 434 1438 dl.
453 1400 534 1452 neque
552 1388 650 1439 multoe
669 1387 699 1437 L.

204 1574 207 1582 ·
229 1541 273 1592 67.
301 1543 366 1594 ittet.
388 1542 431 1602 14,
452 1541 513 1591 toa.
542 1567 570 1578 -
598 1505 751 1603 Porreetaa]
790 1536 1016 1600 mioietmagistri
1031 1535 1220 1600 Aristophanis
1229 1549 1319 1598 gram·

229 1620 273 1670 Sio
286 1620 386 1672 Caesar
394 1620 425 1670 li.
436 1619 468 1670 G.
479 1620 507 1680 2,
518 1620 567 1670 te:
585 1627 709 1682 porrecto
722 1631 753 1670 oo
791 1619 899 1678 matini,
920 1629 987 1680 quas
1005 1628 1036 1665 et
1052 1615 1191 1666 Athenaeo
1207 1615 1319 1676 collegit

116 1726 119 1730 >
228 1697 286 1749 loeo
308 1707 419 1762 operto,
449 1699 495 1748 ubi
515 1697 636 1762 tpttztus
656 1696 688 1762 []
708 1713 750 1750 rr·
789 1696 898 1746 Grotius
912 1693 975 1744 lite.
990 1707 1016 1756 p.
1031 1693 1093 1744 att.
1126 1693 1229 1743 Eadem
1244 1694 1318 1743 enim

225 1784 350 1840 porrecto
362 1791 408 1836 αις
429 1789 499 1840 quae
515 1777 654 1826 tamenab
670 1777 753 1825 inter·
790 1775 862 1824 inest
881 1773 1010 1824 festivitas
1029 1785 1061 1821 ao
1079 1770 1155 1834 lepos
1172 1783 1235 1820 eum
1258 1771 1315 1820 leui

229 1856 350 1918 polatore
367 1855 479 1904 minime
497 1855 623 1904 videntur
637 1855 750 1904 intrusa.
790 1849 1319 1922 sipovetqooniunetus.-confundunt

228 1959 263 1968 -
281 1926 348 1997 tibi]
367 1923 485 1984 'retertur
501 1937 529 1981 et
546 1932 580 1998 ad
598 1946 624 1983 v.
643 1939 709 1994 apto
726 1937 753 1983 et
792 1930 917 1980 nonnulli
945 1931 1105 1994 interpretes
1127 1929 1158 1978 l..
1180 1929 1316 1980 Marcium

229 2011 262 2062 ad
284 2026 311 2062 v.
331 2011 488 2074 relinquam.
668 2037 670 2044 ‹
791 2008 1316 2072 Pbilippumflliumoos.a.u.e.ti⁹8.,

261 2089 306 2140 44.
316 2089 362 2140 45.
383 2085 508 2151 Paruum]
523 2089 631 2140 Gallim.
641 2088 751 2150 Fragm.
791 2089 837 2151 qui
850 2088 900 2138 suit
912 2088 1023 2139 vitricus
1042 2088 1166 2149 Augusti,
1182 2100 1246 2136 eum
1259 2087 1318 2136 eius

230 2168 296 2218 titt:
314 2163 366 2219 ’aial
386 2172 448 2230 τοῖς
465 2166 586 2232 μΙκκοις
606 2167 699 2233 ptum
714 2163 753 2216 δι·
791 2173 866 2229 patre
878 2169 1042 2230 cognomine
1053 2178 1109 2217 eos.
1124 2179 1150 2216 a.
1162 2179 1189 2215 u.
1202 2179 1227 2216 o.
1241 2166 1316 2228 otta,

228 2244 316 2297 δοῦσι
337 2245 412 2297 beot.
434 2271 465 2282 -
484 2249 558 2312 sepio
576 2243 674 2308 Rmuo]
701 2246 751 2296 eir.
789 2246 823 2295 de
849 2260 902 2309 quo
926 2247 1046 2310 loquitur
1075 2245 1217 2295 Horatius.
1261 2244 1318 2294 Cir.

109 2300 119 2385 Ι,
229 2324 280 2375 Od.
295 2325 322 2385 4,
337 2324 363 2387 3,
379 2325 512 2386 1354414,
526 2321 751 2388 id.-ooestum]
791 2324 994 2374 Onomastieum
1016 2339 1107 2375 meum
1128 2323 1185 2375 Cio.
1208 2337 1236 2386 p.
1254 2322 1317 2380 ast.

229 2417 301 2453 «non
318 2403 447 2467 frequens
465 2405 683 2468 obpropulsurum,
705 2405 752 2454 sed
790 2404 874 2456 Notus
887 2405 978 2453 auum
992 2410 1068 2466 pater
1086 2408 1144 2452 erat
1162 2407 1188 2452 et
1209 2408 1319 2465 propter

228 2489 338 2546 propter
356 2483 408 2533 boo
423 2484 511 2546 ipsum
526 2483 643 2534 liberum
656 2497 671 2532 a
687 2488 753 2533 stre·
791 2483 976 2546 eloquentiam
987 2488 1017 2532 et
1030 2487 1144 2546 propter
1159 2483 1259 2532 multas
1279 2482 1320 2531 ia·

229 2561 285 2625 pitu
300 2562 378 2612 Urbis
391 2563 542 2625 studiisque
553 2563 620 2612 meis
630 2568 752 2624 aptum.»
791 2562 890 2622 cotias,
916 2575 971 2611 nou
991 2562 1055 2611 ilem
1075 2561 1158 2611 illius.
1196 2561 1256 2610 lam
1278 2560 1319 2609 iu-

228 2665 263 2676 -
280 2639 395 2704 imbelle]
417 2643 480 2691 «ubi
497 2643 589 2691 omnia
607 2641 751 2704 tranquilia
792 2646 832 2690 ter
850 2640 923 2689 illius
941 2640 1149 2702 apoptbegmata
1167 2640 1236 2688 baeo
1251 2652 1319 2701 qno·

228 2724 291 2768 snut
313 2724 340 2768 et
360 2719 493 2782 placata.»
531 2719 586 2768 Sat.
608 2720 634 2778 2,
657 2719 684 2780 4,
707 2718 750 2768 34.
792 2731 845 2782 que
860 2719 971 2767 bistoria
985 2723 1100 2768 aetatem
1117 2717 1214 2767 tulerat
1231 2726 1318 2780 usquo

228 2795 306 2846 molle
332 2797 362 2844 T.
396 2795 752 2856 luren.d,29dzll1tlstor
791 2798 824 2846 ad
845 2797 997 2846 Horatium.
1021 2819 1052 2832 ·-
1079 2793 1174 2859 sortis]
1206 2795 1317 2859 Optime

227 2872 312 2938 Atque
324 2883 481 2926 coronatam
493 2881 518 2925 et
532 2875 656 2938 petalum
669 2877 753 2925 modi·
791 2876 849 2925 eius
861 2875 984 2924 indolem
1002 2866 1144 2924 adumbrat
1162 2875 1204 2924 bis
1225 2875 1318 2925 verbis

228 2953 340 3016 dumque
365 2953 516 3004 Tarentum.
559 2954 659 3004 Athen.
678 2954 705 3013 4,
724 2969 750 3017 p.
790 2954 847 3004 Cio.
861 2954 895 3002 tle
915 2953 989 3002 Orat.
1012 2953 1040 3008 3,
1062 2954 1095 3002 l:
1121 2953 1222 3002 turmot
1244 2955 1318 3003 osite-

228 3031 290 3081 too.
310 3031 345 3081 tt:
367 3027 401 3083 τὸ
421 3030 480 3083 τῶν
495 3031 617 3083 ἰδιωτῶν
631 3029 752 3103 (rapam
790 3033 870 3082 manti
887 3039 911 3081 et
929 3033 1027 3082 diserto
1048 3039 1073 3080 et
1091 3033 1121 3080 tu
1134 3032 1229 3093 primis
1248 3033 1316 3096 forti

227 3105 326 3172 τίνων)
353 3109 466 3176 πλῆθος
489 3106 536 3161 ἀεὶ
560 3112 625 3184 napi
648 3127 753 3162 συνου-
790 3112 826 3160 od
845 3111 1015 3160 assistendum
1036 3109 1167 3172 Putttppo.
1189 3135 1219 3146 -
1245 3108 1317 3159 Stra-

228 3188 294 3251 σίας
309 3189 359 3238 καὶ
371 3187 483 3251 πότους
496 3185 570 3240 ἐστι.
790 3186 876 3251 nuos]
900 3189 992 3251 igitur
1023 3201 1147 3252 «semper
1172 3189 1200 3238 in
1226 3189 1316 3238 causis

261 3265 394 3316 stt-51.
430 3263 583 3329 Philippos]
604 3267 752 3318 llaeenar·
791 3268 903 3331 agendis
922 3273 1109 3330 occupatum
1136 3267 1229 3331 (mit,
1258 3268 1316 3316 ani·

228 3345 381 3395 ratiuncula
400 3345 435 3394 ita
450 3357 512 3394 oum
526 3346 751 3408 praecedentibus
790 3359 883 3397 mostra
899 3352 928 3396 'et
947 3348 1053 3398 ualidus
1075 3347 1109 3395 ad
1133 3337 1315 3396 resistendum

226 3424 410 3484 eonnectitur,
425 3427 455 3472 ut
466 3423 564 3474 Volteii
577 3425 701 3486 exemplo
710 3437 751 3474 sa·
790 3427 965 3486 adversariis,
987 3427 1169 3488 potiusquam
1184 3425 1212 3474 in
1222 3439 1252 3475 re
1266 3427 1316 3476 mi-

181 3494 185 3498 ’
225 3501 259 3550 tis
278 3501 369 3564 lepido
389 3502 555 3552 demonstret
575 3504 664 3553 virum
686 3516 749 3565 pru·
790 3505 871 3554 litari.
889 3531 922 3542 —
941 3500 1078 3566 oetovom]
1099 3505 1176 3555 nobis
1190 3505 1314 3554 interse-

227 3578 351 3642 dentem,
376 3581 424 3630 ubi
442 3595 506 3631 casu
524 3583 616 3646 aliquo
634 3581 751 3632 eollooe·
789 3584 907 3635 cendam
922 3588 949 3633 et
965 3585 1072 3634 tertiam
1086 3583 1313 3647 pomeridianam.

225 3662 270 3707 tur
287 3658 316 3706 iu
335 3663 405 3708 statu
421 3673 486 3711 suas
500 3661 654 3710 condicioni
668 3666 749 3722 atque
788 3682 819 3700 -
830 3659 907 3728 [oro]
928 3663 988 3720 llio,
1004 3663 1050 3712 ubi
1061 3663 1181 3725 loquitur
1193 3662 1227 3712 de
1241 3661 1312 3721 loeo,

226 3736 337 3797 ingenio
347 3737 645 3798 minuseonvenieute‚
666 3739 747 3787 etiam
788 3746 828 3791 est
840 3741 972 3792 ablativus
984 3755 992 3791 z
1020 3741 1132 3791 aliaest
1144 3741 1212 3790 ratio
1229 3740 1312 3791 dativi

224 3825 287 3863 oum
306 3828 369 3864 non·
382 3816 435 3868 lavi
457 3817 560 3867 iactura
584 3831 614 3866 ex
632 3829 665 3870 eo
688 3829 748 3866 sese
788 3821 815 3869 in
836 3821 960 3883 personis
978 3834 1004 3871 v.
1025 3821 1070 3870 23.
1084 3820 1184 3870 collato
1201 3819 1270 3883 lipp.
1285 3822 1311 3879 1,

225 3893 415 3945 extricatumm
430 3909 505 3956 esse,
526 3909 580 3958 quo
592 3895 681 3957 ‘magis
694 3897 747 3946 sibl
787 3899 829 3959 18,
852 3899 932 3950 4.-
953 3900 1080 3955 Connus,
1093 3899 1179 3951 ‘vicus
1201 3899 1312 3950 celeber

224 3979 317 4037 aptum
326 3979 448 4037 occupet.
469 3975 553 4024 Totus
563 3979 653 4025 autem
666 3976 747 4026 buius
786 3979 887 4028 Romae
908 3979 936 4028 in
958 3979 1072 4041 regione
1093 3979 1155 4038 tv„
1177 3979 1223 4027 ubi
1246 3980 1312 4028 tem·

223 4053 387 4102 narrationis
406 4057 485 4102 tenor
504 4067 615 4116 prorsus
639 4068 684 4103 me
700 4056 747 4104 ad·
786 4057 861 4120 plum
878 4058 929 4108 suit
947 4058 1079 4117 Telluris,
1099 4058 1180 4107 aedes
1198 4057 1310 4108 lunonis

223 4136 316 4182 mouet
334 4131 520 4182 narrationum
537 4132 679 4186 dissimula
703 4147 746 4184 eo·
785 4134 925 4197 sororiae,
963 4138 1060 4187 domus
1093 4137 1126 4198 Q.
1152 4135 1307 4194 Ciceronis,
