2822 4794
355 275 367 302 '
476 312 541 360 nin.
563 312 585 374 p.
626 307 745 360 sant.

105 451 231 520 Furtim
253 449 393 519 defossa
413 451 559 518 timidum
582 401 752 538 deponere
773 445 895 520 terrai

105 571 203 656 Quod
225 574 255 639 si
276 576 495 661 comminuas,
516 575 616 640 vllem
637 571 814 662 redigatur
834 573 877 640 ad
903 593 1023 642 ment.

103 696 171 769 At,
184 696 218 760 ni
234 692 267 776 id
281 694 333 782 tit,
356 693 436 780 quid
449 694 551 762 habet
567 684 696 780 pulchri
708 699 925 762 constructus
935 689 1108 764 acervus?
1199 765 1204 774 ,
1289 739 1300 766 t

104 815 202 882 Milia
224 817 382 882 frumenti
403 818 462 880 tua
484 817 617 882 triverit
638 835 719 884 urea
741 820 890 900 eentum,
1108 813 1149 878 15

103 937 180 1003 Non
202 939 282 1002 tuns
303 936 368 1004 hoc
390 937 503 1023 cupiet
524 939 647 1004 venter
668 939 744 1024 plns
764 957 806 1006 uo
827 955 939 1006 meua:
961 941 998 1004 ut
1020 938 1049 1004 si

103 1059 296 1126 ltetieulum
317 1060 415 1143 ponis
434 1059 576 1124 venales
597 1059 685 1124 inter
707 1061 828 1126 onusto

104 1181 209 1246 Forte
231 1179 340 1246 vehas
360 1180 513 1267 humero,
534 1180 638 1246 nihilo
661 1182 737 1267 plus
759 1179 907 1266 accipias
929 1199 1027 1266 quum

104 1299 170 1383 Qut
191 1301 241 1374 nil
262 1303 415 1387 porterit.
457 1301 522 1369 Vel
545 1299 616 1385 dio,
637 1300 716 1388 quid
737 1303 865 1370 reserat
886 1303 975 1369 intra

115 1534 139 1584 1.
175 1547 205 1586 v.
222 1531 269 1584 io.
287 1545 367 1598 quom
383 1545 455 1584 meur
472 1532 516 1584 bo.
537 1528 605 1599 (nou
623 1529 687 1600 RS.)

102 1642 140 1692 Π.
176 1656 204 1694 u.
223 1639 268 1691 dd.
288 1653 369 1705 guum
386 1653 457 1691 mm
474 1640 551 1693 LCT.

93 1749 149 1798 lv.·
176 1763 203 1800 v.
222 1747 268 1798 ia.
289 1747 388 1810 Quodsi
413 1747 492 1799 lahn.
528 1762 556 1801 v.
574 1747 621 1800 19.
648 1747 769 1814 consuat
787 1747 854 1801 illd.
881 1749 962 1802 Fene.
982 1750 1061 1815 prob.
1080 1749 1148 1802 θοο-

63 1819 123 1882 ring
142 1817 171 1868 ln
189 1818 240 1868 Ed.
259 1818 327 1869 min.

64 1999 187 2064 quaestui
204 2013 316 2064 operam
329 2000 392 2061 dos,
412 1999 459 2050 aed
470 2004 587 2050 tuntum-
624 1999 712 2050 litium
722 1999 778 2051 Sat.
792 1999 819 2060 2,
833 1999 861 2060 3,
874 1999 939 2051 27⁰:
956 2001 1018 2064 pios
1029 2014 1071 2051 oo.
1090 2001 1148 2053 Cic.

66 2081 160 2140 modo,
192 2083 222 2129 ut
239 2079 299 2142 plna
318 2080 525 2143 habeaspuam
544 2093 587 2129 oe·
625 2079 726 2129 addit.
741 2079 784 2140 13,
798 2080 829 2128 2:
849 2081 949 2128 diutior
964 2080 1103 2144 obsutum
1117 2094 1149 2130 oo

63 2161 231 2209 toriornnes.
253 2159 368 2219 Verum,
388 2171 500 2222 quaeso,
521 2159 585 2222 quid
623 2159 728 2208 nollem.
750 2182 781 2194 -
800 2157 961 2222 liettardum]
989 2157 1145 2221 luven.12‚

64 2243 88 2289 to
106 2239 179 2290 iuvat
196 2244 266 2288 oet.»
287 2262 318 2274 -
345 2239 449 2289 Furtim
468 2234 584 2303 desorto]
623 2235 668 2287 60.
701 2237 772 2286 inter
808 2237 912 2287 itineri·
947 2238 1146 2290 instrumenta:

65 2319 114 2368 oin
130 2318 303 2368 altitudinem
320 2318 392 2367 olam
411 2317 524 2376 effossa,
544 2331 586 2368 ox·
624 2329 682 2366 eum
697 2316 814 2366 reticulis
828 2322 853 2366 et
868 2329 940 2380 poue
957 2323 981 2367 et
1000 2324 1089 2368 uentre
1109 2318 1149 2368 la·

65 2401 185 2448 aaran.»
204 2397 279 2458 virg.
294 2395 343 2448 Ge.
358 2397 384 2457 3,
402 2397 471 2447 376:
491 2397 547 2458 ipsi
559 2397 587 2444 io
623 2407 712 2458 genoe.
757 2393 863 2456 Agmen
889 2395 1022 2446 uenalium
1046 2392 1148 2461 (nervo-

63 2477 168 2539 desoaais
193 2475 316 2538 speculor
340 2488 431 2526 securo
457 2475 504 2524 uti
528 2475 587 2524 olto
624 2470 697 2536 rum)
716 2473 849 2536 tibiflngo
864 2474 962 2524 herum
976 2489 1023 2525 ruo
1036 2480 1147 2526 euntem

65 2556 123 2605 Otia
142 2560 227 2619 agunt
248 2560 330 2606 tetro.
371 2554 434 2604 Noli
453 2555 584 2617 iungere:
624 2565 758 2616 aequem
779 2553 908 2604 iuterhoa
922 2554 1149 2605 aliivariituten-

63 2636 154 2699 furtim
174 2635 311 2695 deponere.
546 2661 548 2666 .
624 2632 719 2682 ollibus
736 2633 827 2684 onusti
844 2636 920 2693 aunt,
941 2646 1011 2682 unus
1024 2633 1106 2682 etiam
1119 2631 1148 2682 in

94 2711 218 2763 lot-48.
264 2712 339 2774 Quod
362 2706 399 2772 oi]
434 2707 491 2761 «dt
515 2711 537 2761 ei
558 2710 585 2761 ld
623 2714 752 2770 reticulo,
780 2713 878 2777 quibua
904 2712 965 2764 itali
989 2727 1038 2777 pro
1062 2711 1148 2766 aucuia

64 2793 120 2841 anri
138 2792 262 2856 pondua,
287 2791 376 2854 iuquit
396 2804 509 2848 avarus,
538 2805 586 2841 ex·
623 2793 781 2842 etiamnunc
796 2796 919 2853 utuntur,
937 2806 1036 2855 panem
1049 2795 1147 2854 portat,

64 2870 585 2933 pondendominuam‚paullatimusque
623 2885 659 2921 no
678 2869 859 2922 malecautus
878 2870 923 2922 vel
947 2883 1077 2920 arenosus
1100 2869 1149 2920 ali-

65 2950 96 2997 ad
107 2962 196 2998 assem
207 2953 383 2998 consumetur
392 2949 515 3011 adeoque
524 2960 586 3009 ogo·
624 2952 686 3001 cubi
710 2953 841 3002 emendus
867 2951 915 3010 alt,
947 2963 1010 2999 oum
1038 2950 1148 3000 interim

64 3041 112 3076 nus
128 3033 211 3098 atque
227 3027 412 3091 inopinam.»
431 3026 587 3090 Respondet
624 3031 821 3096 symphoniaci,
841 3033 1018 3091 anagnostae,
1030 3029 1146 3089 scribae,

64 3108 159 3168 polita:
187 3107 312 3157 «Verum
332 3107 385 3156 uisi
409 3107 439 3156 in
461 3119 585 3156 neoeoau·
624 3110 841 3172 dispensatores,
861 3108 1009 3171 pincernae
1020 3107 1087 3156 uilril
1098 3108 1148 3156 inu·

63 3185 115 3234 rios
140 3199 204 3235 usus
227 3186 300 3249 quod
320 3199 388 3248 opus
413 3190 453 3234 esi
471 3197 584 3246 erogas,
624 3189 706 3239 meris
724 3192 845 3250 gestant,
872 3187 968 3238 uadem
987 3191 1078 3238 tamen
1096 3186 1146 3234 uult

64 3265 125 3326 qnid
141 3271 212 3316 oet.»
239 3264 313 3316 Male
328 3265 376 3314 alii
390 3265 497 3326 Qatodai,
517 3263 584 3314 Cod.
624 3269 723 3318 edendi
750 3273 872 3330 tempora
898 3266 1036 3329 accipiunt
1060 3264 1145 3315 diaria

63 3342 220 3395 Hannover.
239 3357 272 3394 ex
293 3344 503 3406 interpolatione
518 3345 586 3394 llum
623 3361 656 3398 ae
674 3347 757 3396 miser
778 3347 825 3396 ille
844 3345 962 3395 baiulus.

63 3423 93 3472 ri.
114 3447 146 3457 -
164 3415 422 3486 Milia-wantum]
449 3424 583 3474 modium.
657 3426 781 3476 nti-53.
800 3418 1064 3488 rosorutuoiventi]
1078 3421 1146 3472 Cum

61 3521 94 3536 -
111 3498 236 3564 triverit]
257 3502 332 3564 Virg.
352 3501 402 3551 Ge.
423 3503 450 3562 1,
464 3503 531 3554 298:
550 3504 586 3554 Et
623 3503 720 3566 triplex
738 3503 773 3552 sit
789 3503 867 3552 tolita
884 3501 966 3553 huius
984 3501 1060 3552 verbi
1082 3514 1147 3551 eou-

62 3581 142 3629 medio
156 3587 240 3631 tostus
254 3588 330 3631 oettu
342 3583 403 3630 terit
414 3595 479 3631 oreo
487 3583 585 3646 fruges.
624 3581 750 3640 structio,
785 3582 865 3645 refert
895 3579 1033 3640 absoluto,
1066 3582 1146 3644 refert

63 3656 162 3709 Tibull.
182 3661 208 3720 1,
222 3659 251 3719 5,
264 3660 317 3710 22:
336 3659 407 3710 Areo
418 3662 480 3710 dom
496 3673 586 3710 mosset
622 3661 699 3718 ηιεά,
719 3658 782 3721 tud,
802 3661 893 3724 aliquo
905 3673 946 3710 roo
958 3661 1037 3724 refert
1055 3655 1145 3723 (mod),

62 3737 113 3787 tole
133 3738 233 3788 colente
251 3744 327 3791 teret,
365 3738 477 3802 Proprie
493 3739 585 3802 fruges
624 3740 758 3804 singulari
782 3740 905 3804 exemplo
926 3739 1060 3790 Salustius
1085 3738 1145 3801 lug.

63 3817 184 3866 teruntur
205 3817 233 3866 in
251 3829 316 3867 area
338 3817 425 3868 bobus
443 3818 486 3870 vel
508 3819 585 3882 equis
623 3822 691 3872 111:
709 3819 989 3884 fodendumuiipuid,
1007 3816 1146 3878 quodilio-

64 3895 95 3944 ad
112 3895 242 3946 tribulam
264 3896 401 3948 trahamro
424 3897 532 3947 iunctio.
554 3919 584 3933 -
623 3912 682 3948 rom
699 3899 784 3962 mugio
795 3911 874 3961 poam
889 3909 939 3946 tuo
955 3895 1084 3946 rettulisse
1103 3895 1146 3943 oi-

65 3971 124 4036 ioo]
145 3979 279 4038 «proptor
288 3975 355 4036 hoo,
375 3976 446 4037 ideo,
455 3989 470 4021 u
489 3980 519 4026 nt
528 3975 584 4026 Sat.
623 3979 741 4038 deutur,
777 3976 910 4039 singulari
940 3976 1004 4025 item
1034 3972 1145 4022 Plautus

66 4053 87 4110 1.
103 4054 131 4116 2,
147 4054 191 4103 81.
212 4077 248 4092 -
265 4052 400 4120 aemam]
420 4069 500 4120 poam
521 4054 586 4104 ulio·
623 4056 705 4106 Trno.
722 4056 750 4115 2,
767 4055 858 4117 idad:
882 4054 997 4120 pooiroi
1015 4052 1043 4101 id
1060 4057 1085 4101 te
1104 4063 1147 4099 or-

64 4144 123 4180 rum
147 4131 233 4182 codd.
261 4132 379 4196 volgarit
407 4139 454 4187 esi
477 4133 583 4192 modun.
622 4133 747 4186 simulare
762 4133 884 4186 rettulit?
903 4145 964 4184 oum
986 4129 1074 4180 dativo
1095 4128 1145 4189 rei,
