2856 4782
234 239 285 312 78
593 260 734 308 noanon
754 257 955 306 sarrannuu

233 401 331 466 Milia
352 403 421 466 turn
442 401 557 486 pransi
578 399 643 464 tria
662 399 808 482 repimus
829 399 930 481 atque
956 380 1102 462 subintus
1271 387 1316 446 ‘25

235 501 428 606 impositura
450 521 542 584 saxis
563 521 632 584 late
654 517 874 588 candentibus
897 516 1028 582 Anxur.

233 640 310 705 Huc
332 643 495 704 venturus
517 642 589 703 erat
610 638 797 703 Maecenas
818 639 961 722 optimus
983 639 1085 721 atque

234 760 412 840 Cocceius
433 759 524 824 missi
544 761 675 846 magnis
697 757 739 822 de
760 759 861 823 rebus
882 761 1023 842 uterque
1121 791 1122 796 κ
1145 793 1148 801 ·

233 880 370 967 Legati,
392 896 533 943 aversos
554 878 646 942 soliti
668 895 868 962 componere
889 879 1023 943 amicos.

234 999 299 1065 Hic
324 999 429 1063 oeulis
451 1017 515 1086 ego
538 1001 635 1084 nigra
656 1000 738 1062 meis
760 998 900 1083 collyria
920 998 1032 1080 lippus

138 1163 141 1168 -
233 1119 380 1184 illinere.
424 1120 559 1183 Interea
579 1117 766 1184 Maecenas
786 1117 924 1181 advenit
946 1121 1048 1202 atque

287 1293 310 1342 1.
348 1307 375 1344 v.
395 1292 437 1342 30.
460 1293 511 1342 Hic
528 1305 574 1355 epo
591 1293 671 1355 aipra
689 1291 752 1341 meis
771 1292 849 1340 ocutis
868 1291 895 1340 S.
917 1286 983 1354 (non
1002 1285 1058 1352 bc.)

264 1399 315 1449 111.
351 1395 443 1452 nii.
462 1399 611 1454 Maecenas,
632 1398 745 1459 optimas
763 1402 842 1460 atquc
861 1366 1152 1448 cocceiuscum'codd.
1167 1394 1316 1445 Torrentii.
1399 1379 1401 1384 ¹

235 1563 306 1613 pass.
335 1564 351 1599 a
376 1550 534 1599 Tarracina.
563 1575 597 1585 —
624 1546 753 1611 repimus]
794 1547 1068 1599 iuxta'Brundisium
1093 1549 1121 1598 in
1146 1561 1201 1598 una
1230 1551 1319 1596 castra

235 1629 326 1690 «Quia
339 1629 392 1677 iilis
405 1629 571 1691 temporibus
590 1628 678 1676 adhuc
690 1627 756 1676 Tar·
794 1641 855 1676 euru
869 1641 968 1689 magna
986 1627 1087 1682 laetitia
1107 1628 1269 1687 coegerunt,
1289 1630 1320 1674 ut

235 1708 384 1757 racinensis
396 1708 461 1756 urbs
478 1708 505 1756 iu
519 1705 650 1755 altissimo
664 1711 756 1754 monte
795 1705 877 1754 refert
884 1705 976 1754 Livius
984 1705 1044 1753 Lib.
1056 1704 1116 1754 127.
1131 1703 1222 1756 Consi.
1232 1703 1318 1760 Caua.

223 1777 306 1844 'crat3
328 1785 390 1832 inde
404 1789 496 1846 postea
510 1781 757 1844 inaequiorem'io-
794 1783 895 1833 Verum
906 1783 974 1832 haec
992 1782 1147 1832 referuntur
1168 1783 1201 1830 ad
1223 1781 1318 1830 foedus

235 1876 298 1910 cum
314 1861 435 1923 deposita
458 1866 514 1918 est,
542 1865 572 1908 ut
592 1872 646 1908 nou
668 1858 756 1908 solum
794 1861 988 1910 Brundisinum
1001 1874 1027 1910 a.
1038 1860 1165 1910 uam.
1176 1858 1240 1922 quo,
1252 1860 1318 1908 arni-

236 1939 289 1987 sint
301 1940 388 1988 adhuc
406 1938 519 1998 uestigia
532 1936 717 1985 aedificiorum
728 1937 756 1984 iu
795 1952 837 1987 cos
861 1951 981 1995 auersos,
1012 1935 1138 2000 (alterum
1169 1939 1202 1986 ab
1232 1937 1319 1986 altero

235 2017 413 2066 montesedet
425 2029 593 2064 murorum.»
609 2015 713 2065 Ponrrr.
725 2037 756 2048 -
795 2013 953 2080 alienatum)
972 2017 1089 2080 primum
1099 2019 1318 2078 composuerant,

235 2093 338 2157 Anxur]
350 2095 584 2144 nomenVolscum
592 2094 757 2142 Tarracinae
796 2100 917 2144 mutuam
938 2096 1052 2158 gratiam
1070 2095 1140 2144 inter
1156 2108 1202 2145 eos
1224 2107 1320 2144 recon-

236 2173 269 2222 ad
280 2173 498 2222 ostiumUientis.
513 2173 612 2222 Statius
621 2171 755 2232 sunau,
796 2175 930 2224 ciliarant.

234 2251 288 2299 86:
308 2265 428 2314 arcesque
447 2251 570 2312 superbae
589 2249 715 2300 Anauris.
734 2251 758 2299 Α
827 2253 864 2301 30
875 2277 904 2288 -·
916 2251 960 2300 33.
996 2253 1076 2315 aipra
1089 2247 1213 2313 collyria]
1233 2250 1320 2308 Multa

234 2329 303 2378 Foro
316 2329 396 2391 Appii
409 2331 524 2378 distabat
535 2329 593 2378 XX.
609 2330 666 2379 mii.
684 2341 756 2391 pass.
796 2331 885 2380 omnis
911 2329 1018 2391 generis
1045 2329 1156 2392 collyria
1185 2332 1320 2377 memorat

237 2432 268 2443 -
287 2404 472 2470 candentibus]
492 2409 569 2460 Mons
583 2408 645 2467 ilic,
666 2409 757 2470 inquo
796 2409 889 2458 Ceisus
913 2409 939 2468 6,
962 2408 989 2456 6.
1026 2409 1069 2456 Ea
1089 2409 1317 2471 frequentissimis,

235 2486 384 2535 Tarracina
415 2487 558 2536 constituta
592 2490 664 2546 erat,
702 2480 757 2534 nou
797 2488 884 2550 iuquit
904 2483 933 2548 ὅ.
955 2486 998 2545 7.,
1018 2491 1054 2534 eat
1075 2487 1104 2534 id
1124 2488 1193 2548 quood
1213 2487 1320 2548 quitiam

235 2565 351 2614 candida
372 2579 435 2614 saxa
453 2565 548 2622 habet,
569 2564 616 2612 sed
633 2563 701 2612 calci
715 2577 758 2611 co·
796 2561 918 2622 anitiae,
948 2565 1053 2626 quidam
1076 2577 1094 2612 a
1115 2565 1213 2612 cinerea
1235 2564 1320 2612 coiere

234 2644 358 2706 quentiae
377 2644 530 2705 aptissima;
560 2655 660 2702 ergoa
683 2640 757 2689 calce
796 2642 919 2710 τέφριον
945 2641 1090 2702 appellunt.
1119 2666 1150 2677 -
1181 2641 1319 2706 Fonteiae]

233 2721 339 2772 videtur
349 2722 463 2768 candida
471 2721 596 2768 dixisse.»
606 2716 641 2780 (i)
652 2718 756 2768 Poura.
797 2719 842 2767 Est
859 2718 889 2768 C.
906 2720 1033 2769 Fontanus
1055 2719 1162 2782 Capito,
1183 2721 1260 2768 cuius
1278 2733 1321 2768 ex·

208 2819 210 2824 *
233 2797 322 2847 Etiam
339 2795 458 2847 Martiai.
473 2798 498 2855 5,
514 2798 545 2844 12
565 2796 691 2845 candidus
702 2795 758 2842 Aa·
797 2802 848 2844 stat
856 2811 983 2846 nummus
994 2813 1055 2846 cum
1066 2799 1117 2847 hac
1128 2799 1319 2860 inscriptione:

233 2888 295 2924 aar.
319 2897 350 2908 -
378 2873 448 2922 Sane
470 2873 636 2934 iungendum
662 2873 759 2923 Macca-
797 2875 1322 2925 c.FONTn1VscnP1TOPnOPn.--

234 2965 283 3000 aas
304 2953 433 3012 optimus,
458 2957 488 3000 ut
502 2964 584 3012 saepe
602 2951 672 2999 eum'
683 2949 758 2998 iami-
796 2953 834 3003 M.
848 2953 1319 3004 ANY.1MP.COS.DES!G.1TER.

234 3029 347 3078 liaribus
372 3029 459 3077 modis
480 3028 597 3091 appellat
620 3028 756 3076 Horatius.
796 3031 844 3078 ET
871 3031 970 3079 TERT.
1004 3031 1056 3080 111.
1085 3033 1152 3080 Vin.
1178 3033 1209 3080 R.
1231 3033 1264 3080 Ρ.
1291 3031 1318 3081 C.

236 3131 267 3142 -
287 3103 420 3168 Cocceius]
448 3107 494 3156 Est
514 3107 551 3158 M.
572 3107 700 3156 Cocceius
719 3106 757 3157 M.
798 3107 994 3160 conualuit.
1012 3109 1038 3159 5.
1058 3111 1160 3172 pata.
1190 3110 1321 3158 FuitAn-

234 3185 265 3234 F.
287 3185 393 3244 Nerva,
432 3185 527 3234 consul
550 3199 576 3234 a.
599 3199 626 3234 u.
650 3199 674 3234 c.
695 3184 757 3233 718.
796 3187 864 3235 touii
881 3187 908 3236 in
921 3188 985 3236 Asia
998 3188 1102 3249 legatus
1119 3194 1146 3238 et
1158 3189 1253 3237 consui
1268 3187 1321 3236 sui-

236 3262 298 3312 «Ab
319 3263 440 3312 Antonio
465 3265 563 3312 missus
585 3263 673 3312 iuerat
690 3263 759 3312 Fon·
797 3265 882 3314 tectus
898 3279 924 3314 a.
939 3281 966 3316 u.
982 3281 1006 3316 c.
1020 3267 1081 3316 721.
1097 3291 1128 3302 -
1141 3267 1177 3314 ad
1192 3263 1318 3332 ungutam]

214 3335 218 3346 “
233 3343 302 3390 teins
317 3341 411 3403 Capito
424 3342 543 3403 legatus,
564 3342 598 3390 ab
611 3341 758 3392 Octaviano
798 3343 928 3406 «elegans
945 3357 976 3394 ac
994 3345 1122 3407 politus.»
1150 3345 1320 3394 «Translatio

233 3420 396 3480 Maecenas,
429 3417 614 3470 intercedente
644 3421 758 3470 Cocceio
796 3424 1020 3482 amarmorariis‚
1042 3424 1087 3485 qui
1098 3424 1236 3472 iuncturas
1250 3437 1320 3472 mar

233 3498 337 3558 Nerva,
369 3513 469 3562 proavo
486 3501 590 3551 Nervae
615 3501 759 3562 imperato·
797 3513 903 3549 morum
923 3505 980 3550 tum
998 3502 1108 3549 demum
1125 3500 1258 3564 periectas
1273 3503 1321 3550 du-

234 3577 286 3636 ris,
313 3577 361 3639 qui
381 3577 570 3628 etOetaviano
592 3584 618 3627 ct
639 3579 757 3629 Antonio
796 3582 874 3634 cunt,
903 3580 926 3627 si
944 3579 1043 3640 unguis
1062 3579 1240 3640 superductus
1264 3593 1319 3628 non

234 3659 326 3716 gratus
345 3659 416 3714 erat,
437 3669 499 3704 cum
512 3655 645 3719 Agrippa3
667 3671 758 3707 eaau-
796 3653 959 3705 offendatur.
997 3657 1073 3705 Unde
1095 3657 1163 3716 iam,
1184 3671 1320 3718 quaecun-

234 3737 288 3781 tem
301 3733 462 3783 condicione
472 3741 655 3786 convenerant
664 3735 755 3796 legati,
796 3746 847 3793 que
861 3734 1057 3795 perfectissima
1074 3735 1273 3785 essevolumus
1287 3737 1321 3784 si·

234 3809 757 3862 atdesummarerumtractarentexor-
796 3812 942 3871 gnificare,
968 3815 1002 3862 ad
1024 3826 1145 3873 unguem
1165 3813 1236 3863 facta
1255 3815 1320 3862 dici-

233 3893 343 3950 tamque
367 3889 564 3939 dissensionem
588 3892 659 3938 inter
689 3889 756 3937 duos
794 3891 1008 3940 mus.»1>on1›n.
1036 3890 1091 3940 Cir.
1111 3889 1265 3942 acatia.
1288 3915 1317 3927 -

233 3967 282 4016 hos
298 3967 452 4018 triumviros
462 3971 665 4030 componerent,
684 3967 756 4028 quod
794 3983 848 4018 non
864 3975 894 4018 ut
910 3971 994 4032 mapis
1013 3966 1098 4031 aiter]
1123 3971 1318 4031 «quemadmo¹

233 4048 259 4096 et
272 4045 394 4096 iecerunt
412 4051 439 4098 et
450 4052 596 4108 utrumque
610 4044 754 4095 exercitum
794 4046 858 4097 dum
874 4059 928 4097 non
941 4045 1011 4098 alter
1023 4048 1109 4109 magis
1123 4048 1226 4097 amicus
1240 4052 1316 4104 esua
