2856 4782
237 257 290 330 92
616 283 757 330 noanrn
779 282 979 330 snrrnsnunr

236 419 341 502 Quam
363 421 468 488 Decio
490 420 647 486 mundare
670 440 776 504 novo,
798 440 984 506 censorque
1006 425 1157 488 moveret
1278 419 1321 478 2⁰

192 617 196 623 ¹
233 539 389 628 Appius‚-
406 544 552 631 ingenuo
575 543 604 606 sl
625 561 693 606 non
716 561 823 607 essem
844 545 942 627 patre
965 544 1091 619 natust*

232 661 297 728 Vel
318 665 449 758 merito,
474 665 625 746 quoniam
648 663 682 726 in
703 665 840 747 propria
861 681 929 726 non
953 663 1040 747 pelle
1065 659 1238 747 quiessem.

231 777 303 850 sed
324 780 478 872 fulgente
500 783 604 847 trehit
626 783 828 849 constrictos
849 781 967 848 Gloria
989 799 1090 848 curru

129 893 132 906 '
208 902 308 1002 ‘Non
328 904 436 966 minus
456 904 594 991 ignotos
615 903 802 990 generosis,
846 899 920 983 Quo
943 902 1020 986 tibi,
1043 900 1137 980 lilii,

120 1035 124 1044 “
230 1018 369 1089 Sumere
392 1021 579 1107 depositum
601 1022 732 1087 clevum
753 1021 889 1106 fierique
911 1013 1074 1088 inbono?
1272 1017 1314 1080 25

229 1142 362 1208 Invidia
383 1121 550 1222 ecereuit,
575 1143 710 1227 privato
733 1159 819 1226 quac
840 1143 947 1206 minor
968 1142 1069 1207 essct.

270 1341 304 1414 l.
341 1377 367 1415 r.
386 1361 431 1412 23.
463 1363 555 1413 troiae
574 1376 709 1426 superscr.
734 1363 746 1412 l
768 1361 796 1412 S.
841 1376 868 1413 r.
888 1361 932 1412 nt.
965 1361 1017 1411 cetto·
1042 1374 1178 1426 superaer.
1206 1362 1265 1414 cotti
1284 1361 1314 1414 S.
1409 1335 1410 1338 Ἴ

227 1429 304 1495 (Tillt
321 1432 431 1483 firmant
448 1429 504 1496 bc'.)
541 1447 568 1485 v.
588 1433 633 1483 26.
651 1434 740 1482 minor
758 1444 894 1497 superscr.
913 1432 1000 1481 minua
1018 1431 1046 1481 S.

268 1539 305 1591 11.
343 1551 369 1592 v.
380 1539 434 1589 et.
455 1538 525 1589 Tetti
542 1538 617 1591 Len.

226 1724 330 1783 polest,
350 1724 380 1769 ut
400 1723 427 1769 et
444 1719 559 1782 populus
572 1718 692 1769 nobilem
707 1697 750 1769 in·
788 1716 861 1768 bum'
873 1723 899 1767 et
917 1717 1066 1780 gloriosum
1091 1729 1121 1769 se
1149 1723 1313 1771 monstraret

225 1799 356 1860 dignum,
377 1797 486 1860 qualem
499 1797 570 1846 nosti
588 1797 748 1854 Laevinum,
787 1796 877 1859 poiiia,
887 1797 1101 1860 explicabatque:
1115 1797 1311 1860 normanum,

224 1877 374 1926 honoribus
387 1880 491 1934 oneret,
506 1874 615 1937 repulsa
628 1874 749 1924 notetal·
785 1875 960 1930 Maecenates,
988 1876 1133 1931 Polliones.
1164 1877 1310 1927 Messalae:

225 1958 312 2003 terum
332 1954 465 2010 Decium,
494 1954 583 2004 virum
605 1953 747 2016 optimum,
786 1953 1309 2016 verum,quo'dadiudiciireetitudinem

143 2028 150 2034 ’
224 2033 272 2082 aed
292 2037 411 2094 novum,
431 2036 458 2081 et
474 2045 573 2081 censor
588 2030 748 2092 aliquisni-
786 2031 911 2081 attineret
946 2031 1115 2093 philosophia
1142 2031 1306 2090 stabilitam,

223 2110 275 2160 mis
300 2123 426 2169 severus,
454 2109 563 2173 qualem
588 2108 671 2158 inisse
695 2107 749 2170 hp·
786 2107 880 2168 quidni
899 2121 928 2157 se
953 2107 1105 2186 Maecenati
1127 2109 1309 2160 consociariti
1412 2125 1413 2144 ¹

223 2189 299 2251 pium
317 2189 508 2247 recordamur,
537 2186 640 2237 nullam
665 2185 747 2234 aliam
787 2209 818 2219 -
836 2186 911 2249 lonpe
929 2183 1066 2249 longeque]
1097 2185 1194 2237 Modus
1216 2199 1309 2248 snper·
1412 2191 1413 2194 ’

223 2267 258 2316 ob
268 2279 388 2322 oausam,
404 2253 457 2315 nisi
469 2266 541 2330 quod
554 2265 681 2314 libertino
702 2278 748 2326 pa·
785 2262 897 2316 latinum
926 2265 1095 2327 exprimendi
1127 2265 1207 2314 etiam
1236 2265 1309 2326 apud

222 2347 263 2393 tre
279 2345 334 2394 nati
349 2345 448 2404 simus,
467 2357 511 2393 me
529 2344 649 2395 aliumve
668 2356 746 2392 meae
784 2342 841 2392 Cic.
859 2344 892 2392 de
904 2344 984 2393 Finn.
998 2344 1024 2404 2,
1037 2344 1099 2402 21„
1119 2356 1201 2405 quern
1218 2355 1308 2394 serva·

221 2423 390 2472 condicionis
416 2423 554 2472 hominem
574 2426 670 2472 senatu
690 2435 747 2473 mo·
784 2426 847 2470 runt
862 2422 933 2470 itali.
970 2419 1095 2470 Absurde
1108 2423 1148 2470 est
1168 2419 1253 2470 altera
1270 2419 1307 2469 le-

220 2505 296 2550 reatt
324 2501 454 2551 iudicium
476 2501 510 2550 ad
531 2501 649 2564 primum
669 2511 746 2560 aspe-
783 2501 837 2550 ctio
850 2500 924 2562 longe
937 2499 1038 2562 tuteque
1054 2504 1164 2561 propter
1176 2499 1266 2560 ipsum
1279 2511 1306 2574 y.
1413 2507 1414 2510 ’

220 2583 293 2628 etum
315 2579 455 2641 iniquum,
483 2590 538 2640 quo
558 2591 609 2626 nos
631 2578 659 2625 in
684 2577 745 2624 seli·
782 2584 909 2637 remotos,
929 2577 1002 2639 quod
1023 2577 1173 2627 latitudinis
1195 2591 1307 2626 sensum
1390 2641 1391 2644 Ἴ

219 2658 316 2718 gendir
337 2657 432 2706 amicir
457 2669 597 2718 nunquam
618 2659 742 2704 utemur:
783 2656 902 2719 respuit,
923 2661 1092 2706 cumcontra
1112 2661 1184 2706 recte
1200 2655 1307 2705 dicatur

219 2747 399 2796 quamquam,
426 2733 498 2784 ultro
524 2734 597 2782 enim
623 2733 742 2791 fatebor,
782 2735 857 2797 longe
875 2735 976 2798 lateque
990 2741 1098 2796 potere,
1122 2735 1227 2797 spargi,
1255 2735 1307 2798 dis·

218 2810 397 2862 hociortause
413 2811 455 2861 vel
468 2808 741 2868 meritoiaoeretille‚
779 2813 865 2877 [widi.
886 2836 917 2848 -
936 2809 1029 2874 Decio]
1056 2812 1087 2861 P.
1109 2812 1207 2863 Decius
1227 2812 1304 2872 lilns,

218 2893 352 2952 qnatenus
366 2889 391 2937 ei
406 2888 543 2937 senatoria
558 2887 674 2948 dignitas
696 2900 743 2936 na·
780 2891 862 2940 homo
875 2904 972 2951 nocua,
994 2891 1096 2953 primus
1109 2903 1124 2939 e
1138 2890 1227 2939 Deciis
1241 2904 1304 2939 con·

218 2966 317 3016 talibus
337 2967 405 3016 meis
424 2979 520 3029 parum
542 2965 688 3017 convenire
703 2965 741 3016 vi·
780 2970 822 3018 sul
844 2969 895 3018 luit
920 2973 946 3018 et
968 2969 995 3017 in
1016 2964 1088 3037 bello
1114 2982 1176 3017 cum
1200 2968 1303 3017 Latinis

217 3047 342 3097 deretur:
362 3045 409 3094 sed
430 3049 538 3107 tamen,
567 3041 590 3092 si
610 3057 686 3103 eam,
711 3047 741 3092 ut
780 3061 828 3110 pro
841 3047 994 3108 legionibus
1007 3046 1137 3096 Romanis
1150 3046 1190 3095 die
1208 3045 1302 3095 inieris

217 3123 345 3187 permulti
363 3136 455 3183 nuno,
487 3135 607 3184 unquam
627 3122 740 3183 adeptus
779 3139 838 3175 sese
864 3125 971 3176 devovit
988 3138 1014 3174 a.
1029 3139 1056 3174 u.
1075 3139 1100 3172 c.
1113 3123 1175 3174 t1t.
1202 3122 1300 3181 Lir.8,

216 3215 320 3263 esrem,
341 3207 449 3252 secutus
463 3215 513 3263 ego
530 3214 639 3264 quoque
652 3200 738 3250 iorem
778 3206 804 3255 9.
831 3227 863 3239 -
890 3199 1006 3265 Appiae]
1042 3200 1146 3264 Appius
1172 3201 1301 3251 Claudius

216 3281 347 3345 impetum
377 3280 455 3330 illum
483 3279 653 3336 ambitionis.
692 3279 738 3342 qui
776 3281 909 3341 Pulcher,
929 3280 960 3329 P.
975 3280 1061 3330 Clodii
1079 3280 1175 3340 irater,
1196 3279 1230 3328 de
1248 3292 1302 3341 quo

214 3359 441 3424 quamplurimos
455 3363 482 3408 et
499 3357 632 3419 ignobiles
650 3361 677 3405 et
694 3371 738 3418 ge·
777 3357 884 3410 Caelius
902 3359 936 3407 ad
949 3358 1025 3407 Fam.
1036 3357 1062 3418 8,
1078 3357 1128 3407 tt:
1146 3369 1302 3418 persuasum

214 3451 327 3488 nerosos
351 3438 441 3487 inanis
469 3435 571 3498 gloriae
598 3434 738 3496 cupidissi-
775 3435 1300 3488 antecameramtomcntrnnactnttmm

214 3529 283 3566 mos.
298 3516 412 3566 reddere
440 3515 523 3565 solet:
554 3529 606 3565 nec
628 3525 737 3578 prorsus
775 3529 835 3565 esse.
873 3516 975 3566 Errare
993 3513 1058 3562 milri
1083 3512 1195 3562 videtur.
1232 3511 1302 3560 Num

103 3621 129 3638 ·.
214 3595 296 3655 igitur
312 3605 438 3645 vacarem
451 3593 547 3656 culpa,
569 3606 651 3656 qnam
667 3592 736 3641 iusta
774 3592 955 3644 tordeaeluere
968 3591 1038 3649 uolt;
1057 3603 1136 3639 veona
1147 3588 1197 3637 sibi
1213 3601 1301 3637 omnes

214 3670 735 3734 invidiaepoenesemperconsequitur‚
774 3677 799 3720 et
823 3671 922 3719 macero
950 3670 1047 3730 apert.
1069 3691 1095 3702 -
1124 3666 1170 3716 Vel
1186 3663 1299 3727 merito]

212 3749 548 3814 quemadmodumvidere
561 3750 626 3798 licet
640 3748 667 3796 in
681 3747 736 3806 Til·v
772 3745 904 3810 εἰκότως.
943 3747 1013 3797 Scite
1035 3747 1087 3794 boc
1108 3743 1244 3795 versiculo
1266 3744 1299 3793 ei·

212 3829 277 3878 lio.»
298 3827 341 3876 Sic
354 3828 501 3877 cohaerent
517 3827 666 3876 sententiae
679 3837 734 3872 non
774 3825 900 3887 gnificat,
921 3839 950 3874 se
971 3837 1081 3886 prorsus
1097 3823 1245 3872 abhorrere
1265 3823 1299 3870 ab

143 3935 149 3946 ·
211 3907 271 3956 eine
288 3911 364 3968 grata
378 3904 545 3967 negligentia
559 3905 644 3953 laxius
662 3915 734 3951 com·
773 3904 921 3953 honoribus
945 3901 1110 3953 Maecenatis
1134 3899 1228 3950 lavore
1255 3911 1299 3946 ca·

210 3985 323 4047 potitae.
353 4006 381 4020 -
414 3984 464 4031 Vos
484 3983 569 4044 facere
594 3980 733 4029 Bentleius
773 3982 889 4045 plaudis.
906 4004 935 4016 -
949 3980 978 4027 in
993 3980 1127 4040 propria·
1139 3974 1222 4040 pelte]
1243 3976 1297 4025 «lix

210 4061 394 4114 necessarium
420 4059 544 4121 putabat,
576 4069 611 4108 ne
641 4072 733 4122 snper·
772 4059 915 4123 proverbio
928 4062 1066 4120 sumptum
1080 4060 1120 4106 est
1133 4055 1161 4106 in
1177 4051 1235 4114 eos,
1250 4055 1297 4117 qui
