2822 4794
620 327 760 374 ΗθΕΑἸῚΙ
782 327 983 374 sarianum

294 471 407 535 Iratus
428 469 554 534 buccas
574 467 667 532 inflet
690 485 797 554 neque
818 485 856 532 se
878 465 1117 550 iore‘posthac

295 589 376 655 Tam
399 590 532 657 facilem
554 585 661 672 dicct,
683 589 774 653 votis
796 591 833 652 ut
855 587 1017 672 praebeat
1038 577 1178 650 aurem?

294 709 494 798 Praeterea,
517 728 559 774 nc
580 709 645 794 sic,
667 713 703 773 ut
726 710 780 793 qui
803 709 980 791 iocularia,
1002 705 1117 772 ridens

293 830 506 898 Percurromt
527 829 735 915 (quamquam
758 827 920 894 ridentem
943 828 1055 894 dicere
1077 845 1192 892 verum

294 950 382 1034 Quid
404 943 527 1018 vetat?
548 955 585 1016 ut
608 953 722 1036 pneris
744 951 821 1016 olim
843 950 925 1016 dant
946 950 1096 1016 crustula
1117 947 1230 1014 blandi
1288 934 1334 1004 ³25

293 1071 477 1153 Doctores,
499 1074 664 1164 elementa
685 1073 792 1138 velint
814 1075 850 1137 ut
872 1070 1002 1138 discere
1024 1061 1169 1156 prima3)

293 1191 365 1260 Sed
387 1197 498 1258 tamen
519 1196 630 1258 amoto
654 1213 851 1278 quaeramus
872 1195 961 1258 seria
983 1192 1072 1256 ludo.

296 1315 358 1379 Ille
379 1332 518 1404 gravem
542 1312 625 1379 duro
649 1315 770 1379 terram
794 1315 847 1400 qui
871 1315 1129 1395 verminatio,

303 1547 326 1596 1.
363 1561 390 1598 r.
409 1546 455 1597 27.
473 1546 570 1596 omisso
588 1543 620 1596 B.

280 1653 326 1703 lv.
363 1667 389 1707 r·
411 1651 463 1703 23.v
476 1653 631 1712 Praetereo,
650 1657 680 1702 ut
698 1651 807 1703 volebat
826 1651 1003 1709 Bouhieiius,
1024 1651 1109 1703 cado.
1130 1654 1247 1705 vindob.

252 1851 305 1900 iltis
324 1850 396 1918 inflet
420 1857 554 1904 monstrat
578 1851 619 1902 ld.
639 1852 730 1903 Casin.
747 1852 773 1908 3,
766 1855 844 1966 yut
858 1851 975 1902 libenter
992 1853 1171 1904 discam»-
1192 1854 1260 1918 Sed]
1281 1857 1337 1906 Hac

246 1930 342 1991 Α3,19ι
360 1932 401 1982 hic
422 1933 511 1983 Nescio
533 1933 596 1995 qaid
615 1946 640 1981 se
659 1932 777 1998 mesdavit
814 1932 964 1995 particula,
984 1937 1014 1982 ut
1035 1932 1139 1994 solent,
1163 1854 1338 2005 napejeson

249 2009 331 2058 uxori
350 2023 427 2070 suae,
448 2011 512 2060 item
530 2011 625 2060 iratus.
647 2037 678 2046 -
696 2011 777 2059 Prae·
815 2011 945 2060 claudens
959 2013 1102 2060 transitum
1124 2012 1187 2062 iacit
1205 2013 1239 2061 ad
1262 2025 1339 2076 prae·

252 2084 339 2149 terea]
359 2094 400 2138 est
410 2090 475 2138 item
489 2091 584 2138 modus
597 2089 776 2141 Lucretiauus
815 2090 925 2152 cipuum
936 2103 1016 2140 suum
1029 2092 1184 2150 consilium,
1204 2093 1277 2153 quod
1287 2093 1339 2141 hoc

253 2167 455 2218 continuandae
476 2169 593 2219 orationi
613 2169 775 2220 inserviens.
815 2174 873 2218 est:
906 2169 1029 2230 «Quodsi
1050 2170 1181 2218 ridiculae
1199 2170 1340 2220 dumtaxat

252 2245 284 2296 ln
306 2247 433 2296 omnihus
451 2247 494 2297 his
515 2248 704 2311 quotidianum
722 2261 777 2298 ser·
815 2252 878 2297 suut
890 2261 977 2299 vanae
991 2249 1053 2298 illae
1069 2248 1255 2311 querimoniae
1269 2249 1340 2296 miii-

252 2339 363 2374 mouem
380 2327 490 2388 egregie
512 2327 647 2386 imitatur,
666 2329 718 2377 hoc
739 2326 778 2376 di·
815 2332 887 2384 tum,
917 2333 1061 2376 nautarum
1080 2332 1149 2386 cet..
1178 2327 1223 2390 qui
1246 2333 1338 2376 tamen

252 2417 332 2453 cens:
366 2405 458 2465 «Sed,
487 2406 537 2456 etsi
554 2419 667 2468 pergere
686 2406 714 2454 in
733 2418 777 2454 eo·
815 2405 1005 2456 condicionem
1023 2420 1120 2461 suam,
1150 2407 1183 2454 de
1202 2419 1257 2469 qua
1279 2412 1338 2456 tan·

252 2483 315 2532 dem
335 2489 496 2546 argumento
517 2485 604 2545 iuvat,
634 2486 688 2534 iam
706 2485 777 2534 serio
806 2490 909 2556 topere
918 2487 1117 2545 lamentantur,
1137 2499 1200 2544 cum
1213 2485 1268 2534 alia
1281 2499 1340 2549 per-

252 2561 363 2625 loquar,
392 2577 427 2614 ne
448 2569 538 2614 cetera
557 2578 665 2628 quoque
686 2565 777 2614 ridens
816 2570 921 2613 mutare
947 2576 1088 2625 uunquam
1113 2563 1237 2612 animum
1262 2565 1341 2614 indu·

253 2655 429 2704 percurram,
469 2640 654 2706 (iocabundus
682 2644 778 2695 ieviter
816 2647 895 2702 cunt,
923 2642 1005 2702 louge
1028 2642 1137 2702 gravius
1161 2643 1265 2694 maium
1288 2645 1340 2694 hoc

254 2718 448 2784 pertractem),
467 2729 497 2772 ut
510 2725 554 2786 qut
570 2723 701 2772 iocularia
718 2736 777 2785 per·
816 2726 870 2780 est,
891 2720 1066 2783 quodomnes
1077 2721 1143 2769 istos
1154 2719 1339 2785 βαναύσους,

254 2800 353 2859 currit,
374 2800 400 2849 id
420 2805 476 2858 est,
496 2806 526 2850 ut
541 2802 629 2852 soient
647 2801 777 2864 eretaiogi
816 2802 881 2849 dum
914 2800 965 2848 sibi
995 2801 1146 2863 ceterisque
1174 2803 1340 2865 persuadere

254 2892 346 2928 coram
359 2877 433 2941 voigi
448 2880 557 2930 circulis
571 2883 599 2931 in
614 2882 711 2945 plateis
729 2894 778 2929 nu·
816 2883 963 2934 conantur,
983 2878 1050 2927 nihii
1064 2879 1138 2929 aliud
1151 2880 1202 2928 sibi
1216 2880 1341 2943 proposi·

253 2971 302 3019 gas
323 2971 385 3006 suas
412 2958 561 3022 proferre.»
606 2959 777 3012 dirimimus
816 2963 874 3008 tum
890 2971 964 3017 esse,
984 2958 1037 3006 nisi
1056 2962 1085 3007 nt
1105 2971 1184 3008 senes
1200 2958 1266 3009 iacti
1287 2961 1341 3008 ho-

254 3037 376 3100 apposite
389 3043 568 3088 construunt:
590 3045 640 3088 «ut
653 3040 778 3102 puiiocu·
817 3042 893 3086 nesto
912 3037 967 3086 otio
983 3036 1086 3098 perfrui
1104 3039 1222 3100 possint,
1243 3053 1341 3103 reapse

253 3115 325 3164 toria
340 3117 428 3166 ridens
445 3118 606 3180 percurrit.»
815 3120 907 3165 tamen
928 3115 1089 3165 insatiabilis
1111 3117 1181 3166 lucri
1204 3119 1341 3180 cupiditas
1394 3121 1395 3186 3

290 3195 419 3245 25-27.
465 3197 528 3246 otim
547 3193 632 3258 dant]
666 3194 779 3244 «soient
816 3201 983 3245 transversos
1008 3196 1064 3258 agit
1091 3201 1171 3259 atque
1197 3198 1342 3258 usquead
1394 3199 1395 3210 ³

255 3274 361 3334 dare»,
392 3274 528 3338 frequenti
547 3289 598 3324 usu
623 3289 649 3324 v.
668 3274 731 3323 otim
750 3274 777 3322 in
816 3276 904 3338 ipsam
913 3279 1027 3323 mortem
1036 3275 1198 3326 excruciat.»
1212 3275 1265 3324 Pro
1277 3289 1342 3339 apo·

255 3355 385 3418 exemplis
400 3361 426 3404 et
435 3352 667 3405 similitudinibus.
688 3352 776 3413 Odi,
816 3354 876 3404 dosi
892 3359 983 3404 autem
1004 3355 1225 3417 praecedentium
1248 3370 1342 3418 quam·

252 3432 322 3493 Μ.
353 3432 601 3498 Epp.1‚10,tu:
632 3437 662 3480 ut
680 3432 779 3480 calcem
815 3433 1281 3498 quom··primav.27.quomod9
1294 3435 1342 3484 ha·

255 3511 319 3562 otim
335 3517 388 3563 cet.
416 3514 504 3562 Piaut.
526 3512 609 3562 Truc.
630 3510 679 3560 66:
710 3525 778 3560 norw
816 3512 873 3561 beri
884 3513 976 3576 possit,
987 3513 1113 3574 equidem
1127 3512 1342 3563 nonsatisiutel·

255 3591 377 3660 ὶριιοηιιιιι
388 3592 449 3654 ptus
460 3598 512 3647 cst,
533 3591 618 3652 Quom
639 3589 701 3640 otim
723 3604 778 3638 mu·
815 3591 887 3652 ligo,
914 3603 976 3640 cum
996 3592 1165 3652 parenthesis
1182 3591 1229 3640 iila
1250 3597 1343 3655 prota-

253 3676 399 3732 scarunut,
417 3670 586 3718 consectetur
600 3670 724 3718 mouture.
745 3692 777 3702 -
816 3670 852 3718 sis
878 3671 994 3720 sormam
1018 3670 1130 3719 minime
1154 3671 1268 3730 habeat;
1301 3674 1343 3721 est

255 3744 396 3810 Doctores]
435 3747 695 3816 «γραμματισταὶ,
731 3745 777 3808 qui
815 3750 905 3800 enim:
937 3763 1130 3814 «quamquam,
1157 3745 1283 3813 (zuar)
1303 3749 1343 3799 nti

254 3829 342 3892 prima
356 3829 506 3877 litterarum
528 3825 663 3876 elementa
684 3819 778 3887 (σιοι-
814 3835 885 3878 vetat
896 3830 1024 3878 ridentem
1037 3829 1121 3876 dicere
1135 3827 1253 3878 ceroma

255 3912 323 3969 χετα
341 3906 392 3955 καὶ
410 3900 586 3974 γράμματα)
607 3917 705 3967 pueros
727 3904 777 3954 do·
850 3909 964 3958 28-30.
983 3903 1071 3968 vertit]
1087 3908 1144 3968 Er,
1159 3908 1228 3958 dese
1240 3906 1343 3972 Pftup

256 3989 327 4044 cent,
341 3984 475 4042 crustula,
496 3979 631 4046 (dulcioia
645 3983 776 4046 Appuleio
815 3989 961 4036 ecdicum
1014 3986 1160 4038 amicare
1202 3986 1343 4036 schwer-

254 4062 320 4114 Met.
332 4062 360 4112 d.
382 4078 409 4126 p.
425 4063 501 4122 115„
529 4063 657 4124 bellaria,
688 4062 778 4112 Sitne·
815 4065 999 4128 schottipcs
1028 4065 1215 4116 Erdrcicd:
1237 4064 1342 4116 'Woli

254 4141 336 4194 tros
353 4142 449 4200 Wolf.)
476 4142 613 4194 interdum
638 4142 672 4192 iis
685 4141 776 4201 dant,
816 4144 875 4194 Hoc
890 4157 917 4194 r.
932 4143 1027 4210 potitae
1040 4149 1172 4208 usurpent
1184 4156 1240 4194 nou
1250 4144 1342 4194 solum

1395 1599 1397 1690 i
