2916 4796
230 252 310 324 488
563 267 702 319 uouarn
728 265 967 314 rnrarooaaurr

228 410 320 477 Idem
342 412 371 476 ri
393 410 514 476 clamet
535 407 658 489 iuream
679 408 783 492 neget
805 422 880 470 eoae
902 402 1072 488 pudicum,

226 525 418 597 contendat
440 530 557 612 laqueo
580 527 699 592 coiium
721 525 884 609 pressisse
907 525 1099 607 paternum

228 648 393 715 Mordeat
414 648 602 732 opprobriis
623 646 719 710 iaicis
740 647 924 726 mutemque
946 631 1110 706 colores?

228 769 351 834 Falsus
371 767 479 834 honor
500 768 593 832 iuvat
614 767 650 830 et
670 762 813 830 mendax
834 762 971 826 intanto
991 747 1108 826 terret

283 1018 306 1067 1.
344 1012 382 1078 (v.
402 997 446 1065 aa.
466 1015 575 1064 narem
592 1013 691 1064 eoem
711 1009 787 1073 ose.)

259 1135 310 1186 ΠΙ.
346 1149 390 1186 rr.
409 1133 454 1185 38.
474 1133 518 1183 39.
537 1132 643 1183 coioret.
663 1132 758 1182 Foiaor

261 1254 307 1305 tv,
343 1268 370 1305 v.
389 1252 433 1305 aa.
453 1252 564 1302 coioram
582 1251 667 1301 Codd.
685 1251 751 1314 aliq.
771 1251 891 1302 Paraow.

232 1449 421 1524 maestitiaque
438 1459 566 1521 affectui,
593 1459 685 1523 popuii
701 1460 754 1509 iuo·
791 1457 939 1516 bausseiut,
954 1454 1060 1518 subiato
1073 1455 1259 1516 interrogandi
1279 1456 1320 1504 ri-

233 1542 270 1590 aie
298 1542 459 1603 obsequar.»
507 1539 613 1590 Memor
641 1538 754 1588 iortatae
793 1549 847 1598 gno
866 1540 926 1598 poet
945 1547 972 1586 r.
992 1534 1105 1594 colorat,
1129 1533 1205 1582 'rane‘
1221 1539 1320 1582 contra

233 1617 563 1677 aratLucret.3‚1008:
590 1616 756 1679 Siaopiroata
793 1613 889 1677 potitae
913 1617 1032 1662 mentem
1053 1612 1148 1661 iocum
1171 1611 1209 1661 oic
1235 1612 1320 1661 inter-

232 1699 291 1746 oito
309 1710 408 1760 quoquo
425 1696 499 1746 roobia
518 1702 579 1744 cote
599 1696 686 1744 omator
706 1700 753 1749 eat,
793 1695 912 1753 oramina
930 1694 987 1740 eata
1008 1690 1097 1738 «idem
1114 1702 1184 1750 ego,
1204 1688 1251 1751 qui
1268 1688 1321 1738 aar·

235 1774 285 1836 Qui
301 1779 389 1835 petora
407 1787 425 1822 a
439 1772 539 1834 popolo
555 1773 634 1836 foscia
654 1784 756 1820 accom-
793 1769 830 1818 ais
841 1769 915 1831 prioa
924 1767 1050 1817 laudibus
1059 1767 1154 1816 cristas
1167 1767 1320 1829 erigebam,

233 1864 282 1913 aaa
298 1851 394 1899 arcario
412 1849 534 1907 imbibit,
558 1855 584 1897 ot
600 1861 700 1910 emper
719 1850 756 1898 oi-
794 1849 920 1898 mordear
945 1847 1027 1896 etiam
1055 1845 1207 1912 opprobriis
1241 1844 1321 1894 iaiaia

234 1934 289 1977 ctae
308 1929 440 1988 tractuque
459 1927 564 1976 recedit.
794 1930 846 1974 cet.
884 1924 1016 1974 Eiusdem
1031 1924 1168 1974 enimert
1183 1922 1253 1972 iairo
1271 1923 1321 1974 bo·

270 2005 306 2068 ³⁶,
319 2003 402 2053 -38,
440 1999 527 2064 Idem]
547 2004 641 2053 aldem
662 2003 757 2066 volgus
795 2015 862 2052 nore
883 2001 971 2053 iuvari
998 2007 1025 2052 et
1054 2001 1181 2051 mendaci
1206 1999 1321 2050 iufamia

235 2082 259 2132 ri
277 2080 345 2130 saisa
366 2081 511 2144 opprobria
531 2081 560 2130 in
583 2095 626 2131 me
646 2081 756 2141 iecerit,
795 2081 928 2129 terreriea
955 2093 1018 2128 cum
1039 2079 1091 2128 boc
1115 2077 1259 2128 manifesto
1281 2078 1322 2128 di·

237 2155 275 2222 (id
294 2159 366 2221 quod
387 2159 460 2210 haud
477 2160 567 2208 minuo
586 2158 645 2210 iieri
660 2165 757 2222 potest,
796 2163 852 2211 cat:
873 2156 1002 2207 «minime
1020 2170 1070 2218 pro
1088 2161 1163 2206 certo
1181 2157 1321 2207 huiuamo-

236 2249 320 2303 quam
342 2241 370 2288 ut
388 2237 463 2290 iaisia
482 2236 607 2287 laudibus
629 2251 673 2287 me
694 2251 759 2288 one·
796 2237 824 2286 di
843 2236 999 2299 iniquorum
1018 2247 1143 2284 meorum
1161 2234 1322 2286 criminibus

236 2311 309 2378 retr)
337 2316 433 2366 rtuiiua
458 2317 578 2378 proiecto
600 2329 706 2372 essem,
735 2317 759 2365 ei
793 2327 919 2377 pungar,
939 2327 1138 2365 commovear.»
1166 2311 1211 2362 Sic
1223 2309 1322 2361 Graeci

235 2391 301 2442 talia
324 2395 437 2449 erimina
459 2409 503 2444 me
524 2397 759 2458 perturbaraut'ac
794 2389 973 2456 deterrebar,
992 2391 1150 2458 antecebat.
1282 2400 1284 2404 ’

237 2470 271 2520 de
303 2471 390 2520 animi
407 2477 488 2522 'aiato
518 2473 707 2523 deiicerentar
726 2499 759 2508 -
830 2468 944 2519 to-ta.
982 2465 1181 2531 etmeodocem]
1200 2467 1323 2519 firmant

234 2545 376 2612 μαίονω]
400 2551 440 2598 cai
457 2551 616 2602 criminatur
635 2565 679 2600 me
702 2564 776 2615 muq
797 2547 868 2597 bauo
887 2546 950 2596 lect.
971 2546 1056 2596 Codd.
1076 2544 1151 2606 urei,
1179 2551 1206 2596 et
1226 2551 1323 2608 arguto

236 2625 333 2675 liebria
359 2639 467 2689 paetum
491 2641 577 2677 errem
605 2627 661 2678 Cir.
686 2627 763 2680 Wolf
798 2625 895 2686 repetit
912 2623 963 2674 boc
983 2623 1156 2675 vocabulum.
1204 2623 1322 2683 aldem,

236 2703 272 2754 ad
294 2703 367 2754 Suet.
390 2704 449 2755 Oct.
467 2705 519 2754 'iit
551 2707 690 2768 infamium
713 2707 760 2757 iot·
798 2702 845 2764 qui
874 2706 1004 2764 perpetuo
1035 2701 1165 2750 mentitur
1198 2699 1324 2764 aliosque

234 2779 380 2840 patdtctoca
399 2781 522 2845 foetidiora
542 2784 682 2846 refutauit,
706 2783 762 2833 coi·
799 2780 924 2842 decipere
948 2779 1040 2842 cupit,
1071 2779 1137 2827 dum
1162 2791 1191 2826 ae
1220 2779 1323 2828 bouum

237 2855 294 2905 lato
314 2855 380 2919 Cau.
398 2857 442 2907 dd.
464 2881 494 2898 -·
514 2858 606 2926 ioquao
620 2857 760 2926 pretatur]
799 2855 1003 2920 rapientemque
1024 2869 1083 2906 erae
1106 2855 1235 2917 aimulat,
1264 2868 1324 2918 pro·

238 2932 366 2982 Uaitatius
387 2939 428 2984 eat
446 2937 553 2986 candaca
572 2940 694 3002 frooqere
713 2938 762 2986 cit·
799 2940 858 2996 oter
885 2935 912 2984 id
939 2935 1029 2999 iprum
1056 2934 1182 2986 mendaci
1210 2932 1323 2984 iufamia

237 3011 281 3058 otti
307 3010 400 3074 locum
424 3025 473 3074 pro
499 3015 676 3078 rtrooooiora.
704 3012 760 3064 Cir.
798 3017 932 3063 terreatur
953 3025 1065 3062 uocatae
1085 3015 1153 3062 eat.»
1189 3011 1324 3063 tiodiem

238 3085 274 3140 td
294 3086 346 3154 Od.
366 3087 399 3150 2,
420 3089 467 3148 1³,
487 3089 514 3140 b.
535 3115 566 3127 -
587 3091 651 3143 tria
670 3097 761 3145 autem
798 3091 861 3140 dum
873 3091 1122 3152 interpolaverunt,
1142 3091 1241 3152 quibua
1257 3091 1325 3142 baec

238 3169 372 3214 memorat
392 3166 512 3228 meiere,
540 3181 610 3232 quae
631 3169 761 3232 iniurius
800 3168 857 3231 ipra
866 3169 990 3231 repetitio
1000 3168 1169 3231 displiceret,
1182 3180 1275 3230 neque
1287 3172 1325 3216 ta-

239 3255 385 3306 pertonant
402 3245 515 3296 minime
530 3247 680 3307 cadebant,
700 3259 762 3297 cum
800 3245 864 3297 meo
880 3243 1127 3298 animadverterent
1142 3245 1240 3307 triplex
1255 3237 1326 3296 ἄκυ-

160 3339 167 3357 ι
239 3319 321 3368 bomo
339 3333 405 3369 aaue
420 3327 492 3372 esset
509 3323 543 3372 ab
560 3325 634 3374 omni
649 3330 761 3386 quaestu
799 3336 867 3393 ρον,
888 3324 1001 3386 quadiu
1018 3337 1051 3374 eo
1068 3324 1155 3382 inam,
1175 3327 1205 3371 ut
1217 3322 1326 3384 mandet

240 3395 337 3446 iiiieito
352 3397 472 3459 alienus,
504 3401 617 3462 pudicus
643 3401 671 3453 iu
691 3407 763 3450 aeia·
800 3398 1074 3461 atcantnrmedteorn
1089 3399 1324 3456 cumerimautur,

239 3473 312 3524 tutae
329 3474 395 3524 flore
410 3471 477 3537 (Sat.
498 3478 523 3537 i,
544 3476 570 3537 d,
591 3473 666 3541 82.),'
680 3478 764 3540 patria
800 3477 940 3538 tollantur,
950 3479 1131 3540 corrigantur,
1142 3489 1234 3539 neque
1243 3477 1326 3538 tigni·

240 3551 453 3602 emanttrstmue.
481 3575 507 3588 -
532 3551 645 3616 coiorea]
670 3555 763 3606 Plura·
800 3554 896 3607 iicetur
911 3556 1007 3606 saitem
1024 3568 1112 3618 aquo
1129 3555 1174 3606 rei
1188 3555 1326 3617 quomodo

239 3627 273 3678 lir
288 3627 515 3680 iirmatuaameia
531 3631 615 3683 Codd.
630 3632 765 3694 significat
801 3635 856 3684 aint
876 3634 1054 3694 eximendae,
1084 3638 1112 3683 et
1132 3644 1245 3688 rursus,
1278 3631 1327 3681 aed

240 3718 296 3761 tion
316 3708 420 3766 remei,
452 3709 499 3758 aed
518 3711 613 3760 crebro
631 3711 763 3776 pallorem
800 3713 862 3762 loco
883 3725 939 3762 nou
958 3713 1023 3761 tatia
1045 3716 1108 3773 apto
1130 3711 1202 3760 inter
1222 3714 1261 3760 tot
1280 3723 1327 3761 ro·

181 3813 184 3821 =
241 3783 472 3846 ruboremqueire
485 3788 621 3836 otredira.
640 3789 762 3850 Prooort.
801 3789 898 3840 cabula
919 3789 1027 3851 proprie
1053 3792 1201 3850 usurpata,
1232 3787 1328 3836 redeat

240 3861 267 3920 1,
288 3861 332 3916 15,
352 3861 402 3913 ³92
422 3864 484 3925 Quia
505 3869 529 3913 te
545 3865 651 3927 coqcbot
668 3866 764 3918 mauoa
801 3867 837 3915 ad
853 3867 1011 3916 morborum
1029 3870 1110 3927 atque
1122 3865 1247 3914 ulcerum
1260 3863 1327 3912 ima·

238 3937 472 4000 polimacoioreai
489 3939 603 3991 Luciam.
622 3941 692 3994 uun.
714 3943 762 3996 11:
802 3945 893 4004 ginem
915 3941 952 4006 (r.
973 3941 1031 4006 22.)
1051 3943 1177 3993 Ceterum
1196 3940 1328 4002 antiquir-

239 4013 271 4080 ἐς
290 4014 434 4091 mititiam
452 4019 546 4088 μυρία
566 4019 763 4090 inmemor.
801 4021 870 4071 oirua
891 4026 932 4073 art
953 4021 1142 4085 interpolatio,
1164 4031 1228 4070 cum
1247 4019 1327 4076 mdi-
