2856 4782
144 315 146 320 .
244 258 338 324 150·
456 277 594 322 noctarii
617 272 818 318 sarracenis
840 272 905 315 nie.
930 269 949 312 ι.
972 270 1044 313 ειη.
1066 269 1099 311 x.

244 417 354 467 Graecis
374 418 490 465 intactae
509 427 568 462 esse
590 412 752 466 videmus‚o
778 407 850 471 quod
877 406 949 454 idem
977 403 1032 453 lere
1055 381 1128 453 valet
1144 415 1176 452 uo
1195 403 1219 450 si
1238 403 1326 460 dicat,

245 501 362 549 «demus
392 497 526 547 Lucilium
554 495 637 543 fuisse
669 491 844 548 limatiorem,
878 500 959 550 quam
989 488 1046 548 ipse
1076 486 1147 534 sitzn
1178 489 1260 548 atque
1291 486 1328 534 ita

244 595 346 631 nomeu
364 581 438 629 nidis
461 580 489 628 in
510 577 597 640 patric
616 589 680 625 casu
698 574 802 635 accipio
822 576 848 620 et
867 585 930 620 cum
947 582 1014 620 voce
1032 570 1156 618 concinis
1175 569 1326 630 coniunge.
1412 588 1413 630 t

245 663 475 805 1‘mdwcjrslluerit
493 742 613 790 Lucilius
631 739 751 788 limatior
763 751 844 799 quam
858 750 906 799 pro
921 749 968 795 eo,
989 735 1061 798 quod
1080 738 1174 784 auctor
1187 733 1237 783 luit
1250 733 1327 783 rudis

245 832 272 876 et
290 825 400 876 Graecis
418 826 511 875 intacti
529 823 685 872 carminis.»
714 821 871 870 Heirrnonr.
901 817 966 868 «Sei
983 817 1059 866 seltst
1077 830 1106 865 er
1122 817 1264 879 poplena,
1283 817 1328 878 sur

244 909 331 963 doen,
350 909 403 956 Der
414 921 462 956 aus
475 908 532 956 dem
544 906 632 954 lichen
644 904 747 965 ocolus
761 905 803 952 ein
822 901 941 960 dedicit,
961 900 1167 964 cnprieclo'rclrer
1184 898 1276 946 Allien
1301 912 1326 946 ‚n

245 991 402 1040 Rauennati.
694 982 704 1001 ⁸

314 1068 343 1132 ls)
364 1072 424 1120 cllo
444 1070 613 1120 limatiorem·
625 1081 685 1118 esse
704 1067 854 1126 Lucilium,
875 1079 957 1128 quam
975 1064 1055 1114 facile
1074 1063 1109 1112 sit
1121 1063 1219 1126 aliquis
1234 1068 1328 1113 auctor

245 1154 373 1204 carminis
388 1153 462 1201 rudis
481 1152 629 1200 et‘Graeeis
643 1151 764 1198 intacti.»
784 1150 889 1198 Bonas.
926 1148 1027 1196 Verum
1047 1146 1115 1195 nihil
1135 1145 1327 1194 inconcinnius

247 1235 300 1286 dici
318 1239 423 1297 poterat
440 1247 522 1296 quam
541 1234 610 1282 hcc:
630 1233 739 1282 «Fuerit
757 1231 875 1279 limatior
894 1243 975 1293 quam
989 1222 1006 1281 ὁ
1019 1228 1116 1282 δεῖνα.
1131 1241 1203 1276 unus
1216 1228 1326 1290 aliquis,

247 1332 329 1380 quem
347 1316 488 1366 nominare
506 1329 562 1366 uon
581 1329 705 1379 possum,
726 1327 806 1376 quem
825 1326 860 1362 ne
880 1313 943 1362 nori
963 1312 1073 1374 quidem
1092 1323 1162 1371 ego,
1190 1323 1327 1373 quemque

246 1401 338 1450 Livius
357 1400 544 1457 Andronicus,
568 1398 699 1455 Naevius,
725 1395 857 1447 Pacuvius
877 1401 1021 1456 colemque
1039 1393 1218 1444 vetustiorum
1237 1395 1327 1456 polita·

248 1495 308 1531 rum
328 1484 434 1532 turha.»
659 1540 661 1545 Ι

316 1562 344 1626 5)
366 1564 542 1614 «Concedam
561 1563 696 1612 Lucilium
716 1576 775 1612 esse
793 1562 957 1618 limatiorem
975 1560 1079 1618 Ennio,
1099 1560 1145 1608 sed
1163 1560 1286 1620 Ennius,
1306 1561 1327 1608 si

248 1650 339 1696 nostra
354 1652 441 1696 aetate
460 1647 576 1705 viveret,
595 1635 665 1705 non,
686 1650 714 1694 ut
733 1646 867 1704 Lucilius,
887 1643 987 1702 multa,
1008 1657 1078 1705 quae
1091 1643 1212 1692 tollenda
1225 1648 1327 1700 essent,

249 1729 429 1790 relinqueret,
449 1729 496 1776 sed
516 1729 650 1776 detereret
662 1732 742 1789 atque
756 1717 906 1783 recideret,
927 1738 996 1784 nec,
1016 1726 1085 1774 sicut
1096 1725 1231 1784 Lucilius,
1253 1726 1330 1774 brevi

247 1811 376 1872 temporis
395 1811 481 1872 spatio
500 1809 600 1858 multos
617 1823 710 1859 versus
723 1815 824 1858 temere
837 1807 1003 1867 effunderet,
1024 1809 1071 1857 sed
1085 1821 1220 1860 summam
1234 1820 1329 1856 curam
1419 1839 1420 1880 Ξ

249 1897 276 1940 et
294 1891 464 1952 diligentiam
484 1891 512 1938 in
531 1891 697 1953 expoliendis
717 1892 839 1941 versibus
859 1895 999 1953 poneret.»
1025 1891 1162 1940 Donatus.
1190 1890 1243 1940 Sed
1265 1903 1329 1952 quo·

248 1985 329 2031 uam,
349 1985 465 2034 quaeso,
487 1973 615 2022 instinctu
635 1972 725 2022 divino
746 1987 794 2035 pro
814 1979 886 2022 certo
906 1973 975 2020 scire
992 1961 1098 2034 'poterat
1116 1973 1258 2031 Horatius,
1277 1972 1330 2020 En·
1420 2023 1421 2042 ἶ

248 2055 340 2116 nium,
372 2055 395 2103 si
413 2053 553 2105 Octaviani
572 2059 693 2117 tempore
712 2057 835 2115 vixisset,
867 2061 1053 2104 correcturum
1077 2053 1159 2104 inisse
1179 2069 1229 2104 sua
1247 2056 1328 2113 vitia,
1420 2069 1421 2072 ¹

248 2135 382 2186 Lucilium
401 2150 456 2186 non
475 2137 560 2186 item?
577 2137 720 2187 Praeterea
738 2139 865 2187 Horatius
885 2143 957 2186 certe
976 2151 1032 2189 non
1051 2137 1172 2201 loquitur
1191 2137 1224 2187 de
1246 2138 1328 2187 Ennii
1384 2151 1388 2156 ·

249 2218 415 2278 Annalibus,
443 2223 473 2268 ut
497 2219 554 2269 volt
576 2218 648 2268 idem
679 2221 834 2283 interpres:
863 2219 967 2270 Graecis
993 2221 1068 2268 enim
1093 2222 1222 2268 intectum
1248 2233 1330 2283 penes
1421 2257 1422 2288 3

249 2298 301 2349 hoc
319 2300 373 2348 dici
392 2313 446 2350 non
465 2305 583 2363 poterat,
604 2314 667 2350 eum
685 2302 725 2350 illi
744 2303 875 2352 heberent
894 2302 1032 2352 Choerilus
1056 2307 1084 2351 et
1108 2303 1226 2351 Rhianos
1253 2315 1329 2350 suos.

247 2380 336 2444 Atque
362 2383 474 2433 omnino
502 2383 530 2431 in
557 2385 608 2434 hoc
635 2383 758 2447 plerique
786 2387 946 2448 interpretes
965 2398 1070 2434 errasse
1088 2385 1228 2443 videntur,
1256 2385 1330 2448 quod
1422 2411 1423 2454 t

248 2476 292 2514 vr.
320 2470 345 2513 et
373 2450 478 2515 Graecis
502 2468 597 2516 intacti
620 2481 668 2529 pro
695 2468 787 2516 nescio
811 2481 864 2529 qua
883 2468 963 2518 laude
982 2470 1151 2526 habuerunt,
1166 2503 1167 2510 κ
1183 2482 1246 2518 eum
1266 2467 1330 2517 insit

249 2547 337 2609 potius
357 2548 551 2610 reprehensio:
577 2554 653 2598 ctam
672 2551 746 2598 rudis
765 2555 806 2598 est
823 2555 929 2598 saturae
948 2551 1089 2600 Ennianus
1108 2549 1209 2610 torma,
1229 2555 1258 2598 ut
1277 2549 1329 2599 hoc

249 2641 336 2690 penus
354 2643 370 2679 a
388 2629 499 2680 Graecis
516 2643 657 2696 nunquam
676 2643 766 2694 neque
784 2630 929 2693 excogitari
948 2646 999 2682 nec
1017 2634 1126 2683 tractari
1148 2633 1294 2696 potuerit.»
