2916 4796
528 314 593 370 Lm.
616 323 637 368 t.
680 321 785 371 ΕΡῙΒΤ.
807 324 853 370 ΙΧ.

142 451 214 522 Sed
237 458 348 540 timui,
371 477 443 525 mea
464 479 506 526 ue
529 461 663 526 tinxisse
686 464 811 528 minora
835 467 992 548 putarer,

142 576 379 644 Dissimulator
401 581 475 664 opis
497 584 667 669 propriae,
690 583 765 646 mihi
788 583 978 650 commodus
1000 588 1068 650 unt.

142 693 203 764 Sic
226 717 293 787 ego
317 701 448 764 maioris
471 701 605 790 fugiens
627 704 808 787 opprobria
829 705 949 789 culpae

141 819 282 884 Frontis
302 819 346 884 ad
369 823 516 888 urbanae
538 821 697 888 descendi
721 827 877 907 praemia.
923 824 1049 906 Quodsi
1154 886 1158 890 ,

141 938 343 1024 Depositum
364 941 482 1008 taudos
504 944 547 1008 ob
569 946 662 1010 amici
686 946 777 1010 iussa
799 944 978 1029 pudorem,

140 1055 263 1128 Scribe
286 1063 334 1125 tui
355 1065 474 1154 gregis
494 1063 583 1131 hunc
605 1068 639 1128 et
662 1065 781 1130 fortem
796 1065 904 1132 erede
926 1067 1122 1152 bonumque·

139 1364 229 1422 arctoa
248 1358 392 1420 porcione
409 1361 504 1424 dieuco
524 1360 582 1411 Noa
594 1363 667 1424 opta
706 1361 749 1410 nis
764 1361 867 1412 urbano
884 1362 998 1411 auduom
1019 1362 1075 1430 Cic.
1096 1364 1130 1414 de
1148 1365 1229 1417 Prov.

140 1444 178 1487 eat
196 1443 322 1498 nostroe,
340 1438 420 1487 Dtdo.
594 1489 597 1493 ,
707 1453 782 1490 cous.
800 1439 828 1490 lt.
847 1441 901 1492 huc
925 1441 1052 1493 advocari
1076 1456 1131 1494 non
1149 1445 1231 1494 debo-

176 1515 306 1568 11-13.
326 1513 452 1578 desem]
472 1516 667 1580 Usurpaturdc
707 1519 770 1578 bat,
802 1531 863 1568 cum
890 1525 1042 1581 opponatur
1069 1521 1230 1582 prooittciott

140 1606 180 1655 rc,
196 1607 279 1657 quam
291 1594 381 1644 miuus
395 1594 666 1657 dignamnobisceu·
707 1595 894 1659 stgniticetqno
920 1609 998 1657 eam,
1030 1611 1083 1660 qua
1107 1599 1136 1647 in
1158 1599 1229 1648 Urbe

140 1678 232 1723 sentes
261 1687 345 1736 prope
377 1673 456 1723 inviti
485 1675 664 1737 suscipimus,
706 1688 771 1724 usus
790 1679 866 1735 erat,
890 1680 1037 1738 antequam
1054 1675 1106 1726 iret
1123 1676 1151 1725 iu
1171 1690 1231 1738 pro·

139 1752 187 1800 sed
210 1756 302 1801 umen
328 1756 437 1814 propter
462 1758 550 1802 certas
569 1765 666 1802 causas
706 1750 847 1816 vinciam.)
861 1753 1085 1803 Aliorumautem
1099 1754 1229 1816 interpre-

138 1830 260 1880 abiicere
270 1843 324 1880 uon
336 1843 489 1893 possumus.
504 1832 559 1882 Cic.
574 1831 664 1882 Diria.
705 1832 785 1882 tatio:
818 1832 969 1886 «uescendi
982 1832 1056 1882 vetut
1074 1833 1102 1880 in
1115 1845 1227 1882 arenam

139 1910 165 1958 1:
179 1909 400 1959 edoccuaoadm
411 1910 569 1960 womaro.
581 1909 666 1960 From
705 1911 738 1960 ad
760 1911 926 1973 acquirenda
949 1911 1070 1973 praemia
1088 1910 1230 1973 impuden-

139 1987 278 2037 intertium
302 1989 561 2051 promanantia,
593 1989 664 2038 inso-
705 1991 775 2051 tiae,
807 1990 895 2053 quatis
921 2003 982 2039 csse
1001 1990 1071 2040 sciet
1088 1990 1230 2040 nominum

138 2065 243 2125 tentia,
271 2065 357 2118 tastu:
385 2069 457 2116 unde
477 2070 591 2132 (rentem
604 2080 665 2129 per-
704 2063 881 2128 urbanorum,
893 2069 990 2130 quibus
1001 2068 1057 2118 tere
1068 2069 1146 2118 datur
1157 2067 1229 2130 quon

138 2145 237 2206 fateare
259 2145 455 2207 «impudenter
474 2157 503 2194 se
523 2157 663 2206 geram»
705 2152 847 2210 petunt‚»
876 2147 1102 2208 significationem
1133 2162 1159 2197 r.
1187 2148 1229 2194 do·

139 2223 215 2272 etin
242 2223 400 2286 plebeculae
422 2224 565 2273 Latinitate
590 2224 665 2288 {roua
703 2227 821 2274 aomdoro
847 2225 911 2275 huic
927 2225 999 2274 *ioco
1028 2225 1109 2273 unice
1138 2228 1228 2286 aptam

138 2302 308 2363 oapudoroto
321 2297 440 2363 (Petron.
451 2298 507 2364 39.)
518 2315 525 2360 ;
538 2303 612 2364 sumu
619 2314 664 2349 ur·
704 2318 759 2353 non
780 2303 844 2354 satis
862 2304 979 2352 retinere
1003 2303 1118 2353 videtur.
1163 2302 1228 2352 Ter·

139 2379 211 2428 iuno
235 2392 276 2441 pr.
298 2384 337 2428 est
354 2379 431 2438 otus,
461 2379 522 2441 qut,
550 2379 613 2442 quia
636 2379 663 2428 in
704 2383 759 2433 tiae
800 2382 862 2431 auo
890 2381 1061 2441 cogitationis
1094 2381 1226 2441 perveni,

139 2457 212 2506 Urbe
230 2457 313 2518 vivit,
333 2458 423 2507 minus
439 2457 663 2506 timidusacmo·
704 2467 733 2510 ut
760 2461 844 2510 satius
874 2473 933 2509 esse
963 2463 1086 2521 putarem
1113 2457 1229 2506 frontem

139 2537 232 2586 destas
258 2541 297 2586 est
318 2538 419 2586 rustico
441 2531 511 2598 (Cic.
529 2536 563 2585 ud
586 2537 662 2585 Fam·
704 2539 849 2590 obfirmare
866 2543 892 2587 et
912 2538 985 2586 huno
1003 2535 1120 2585 fructum
1134 2547 1229 2584 conse·

138 2614 163 2674 5,
184 2615 237 2664 ¹2:
268 2627 307 2664 me
327 2616 454 2664 detonuit
469 2615 558 2677 pudor
582 2627 664 2675 paona
704 2621 767 2683 qui,
788 2625 817 2669 ut
832 2618 991 2670 auctoritaie
1010 2622 1036 2666 et
1054 2615 1141 2677 gratia
1157 2613 1229 2676 apud

138 2689 388 2755 subrusticum)
408 2705 542 2757 acprope
561 2692 665 2741 accedit
704 2704 730 2748 tc
758 2697 848 2748 vaicra
878 2697 994 2745 dican»
1030 2695 1172 2744 notionem
1201 2705 1228 2742 v.

140 2774 174 2822 att
194 2785 285 2821 morea
298 2786 470 2832 scurrarum,
491 2770 664 2836 (quibuscum
700 2777 822 2839 proemio
846 2775 963 2834 tribuit‚-
989 2785 1059 2836 quae
1084 2773 1126 2824 vix
1149 2771 1177 2820 in
1196 2782 1229 2819 ⁰0

140 2853 291 2913 iunguntur
306 2852 403 2902 orbani
420 2853 488 2914 iipp.
508 2853 534 2911 1,
555 2852 599 2912 15,
618 2850 662 2900 27.
704 2856 783 2905 inest.
832 2852 886 2903 atu
912 2854 1030 2914 denique
1058 2849 1230 2912 va‘proomto
1273 2915 1277 2922 1

140 2937 167 2981 et
184 2931 274 2980 Plaut.
287 2931 368 2980 Tria.
390 2932 423 2991 1,
443 2932 477 2991 ἓ,
497 2927 572 2993 teu.)
599 2943 664 2993 quo·
704 2935 915 2997 interpretantur
934 2930 1123 2989 «mercedum,
1148 2925 1228 2976 meri·

140 3011 212 3059 circa
227 3009 363 3059 interitum
377 3010 419 3060 vei
433 3009 579 3073 potentiori
597 3009 665 3058 ami·
703 3019 758 3062 tam
773 3025 922 3075 poenam.»
944 3032 973 3043 -
1003 3008 1090 3058 Scuto
1118 3001 1226 3069 (unum)

140 3101 172 3138 co
195 3088 324 3138 molestus
345 3088 405 3156 fleri
427 3090 483 3138 non
505 3088 665 3138 reformidat
702 3094 742 3142 tut
758 3088 855 3156 quoqu]
875 3103 916 3152 pr.
938 3088 1014 3136 ocius
1033 3097 1134 3135 nornen
1149 3085 1177 3132 tn
1190 3081 1228 3131 at·

141 3173 167 3216 et
187 3167 241 3216 hoc
263 3168 341 3231 quasi
366 3167 407 3216 ius
433 3168 483 3216 sibi
509 3167 607 3227 sumit,
636 3172 665 3217 ut
704 3171 766 3218 bum
781 3169 931 3216 amicorum
950 3171 1059 3214 tuorum
1073 3161 1168 3210 reterri
1188 3161 1227 3208 iu-

140 3245 321 3295 confidentius
340 3259 369 3294 se
391 3251 467 3307 gerat
488 3259 550 3294 cum
574 3246 665 3294 omni·
703 3249 773 3305 ben
793 3246 900 3307 «recipe
914 3256 977 3292 eum
991 3243 1018 3292 in
1032 3241 1171 3294 cohortem
1184 3249 1229 3285 co·

142 3331 209 3373 nus:
234 3323 299 3375 hinc
319 3323 405 3374 tacete
421 3325 561 3387 proemio,
588 3325 663 3379 itura,
703 3325 798 3374 mitum
824 3328 961 3372 tuorum.»
1011 3319 1055 3368 Sic
1077 3316 1148 3378 apud
1170 3313 1231 3363 Cic·

142 3403 332 3453 Vorreotto.
360 3403 466 3452 «Ausus
485 3417 545 3452 snm
562 3403 665 3465 pudore
703 3405 736 3453 de
755 3403 802 3452 Or.
822 3403 855 3462 2,
876 3401 920 3450 62.
940 3405 966 3449 et
985 3399 1019 3447 ad
1038 3397 1113 3445 Fam.
1134 3392 1161 3451 7,
1180 3392 1226 3440 33.

142 3482 264 3542 deposito
289 3483 371 3532 amici
392 3495 473 3531 causa
495 3481 537 3532 vet
556 3482 665 3531 invere-
704 3481 809 3531 sodates
828 3487 854 3530 et
872 3478 1000 3540 aequatos
1018 3476 1146 3526 dicuutur
1161 3482 1229 3536 ure·

142 3561 247 3610 cuudus
264 3559 354 3610 fleri.»
392 3556 528 3622 (Ceterum
547 3559 577 3608 L.
592 3559 665 3609 Piso·
704 3559 807 3622 quiea.
827 3559 963 3608 Donatuo.
