2856 4782
5 143 8 218 t

5 225 6 308 i

247 285 328 354 100
363 251 754 396 (ὶζι-ἲωξλιιοηηιι
773 303 977 349 rsnrrrsnnunr

244 445 337 510 Laus
357 445 404 508 ilii
428 424 568 509 debetur
590 446 623 507 et
645 462 666 508 a
688 461 738 507 me
760 445 872 530 gratia
894 445 1010 506 maior·

245 565 301 630 Nil
323 583 374 630 me
396 565 568 650 poeniteat
589 582 705 628 sonum
726 564 834 647 patris
854 562 968 648 huius3
991 579 1097 646 eoque

245 683 340 771 Non,
360 687 398 748 ut
419 701 541 770 magno
562 682 640 748 doio
662 684 788 748 iactum
810 687 915 770 negat
937 701 1012 747 esse
1033 701 1094 746 suo
1118 699 1217 766 pars,
1288 676 1332 738 90

245 801 432 884 Quod-non
455 805 620 892 ingenuos
640 802 764 868 habeat
786 803 961 887 clarosque
984 807 1161 887 parentes,

243 921 304 992 Sic
325 942 376 988 me
399 923 585 988 defendam.
626 923 746 1011 Longe
768 941 841 988 mea
863 921 1032 1006 discrepat
1054 925 1129 988 istis

218 1030 220 1033 ¹
244 1043 290 1108 Et
311 1063 381 1108 vox
403 1047 438 1108 et
459 1045 562 1107 ratio:
584 1045 710 1106 namsi
732 1047 853 1107 natura
874 1044 1004 1108 iuberet

244 1161 279 1228 A
301 1163 404 1227 certis
425 1163 523 1227 annis
544 1181 664 1227 aevum
684 1180 834 1228 remeare
859 1167 1030 1247 peractum

244 1281 360 1366 Atque
375 1282 460 1346 alios
475 1282 608 1370 legere,
621 1271 671 1345 ‘od
686 1283 809 1371 tastum
830 1302 1044 1368 quoscunque
1065 1287 1226 1368 parentes
1285 1282 1329 1344 95

189 1428 194 1439 ·
243 1397 385 1484 Optaret
406 1402 470 1466 sibi
492 1403 647 1487 quisque:
669 1405 750 1467 meis
772 1407 951 1467 contentus
973 1403 1135 1482 honestos

245 1521 410 1586 Fascibus
431 1524 466 1585 ci
487 1523 579 1587 sellis
600 1523 720 1587 nollent
743 1520 820 1586 mihi
841 1542 988 1611 sumere,
1011 1523 1146 1590 demens

244 1638 373 1706 Indicio
395 1641 506 1729 voigi,
528 1660 630 1718 sanus
652 1641 800 1707 fortasse
823 1646 899 1728 tuo,
922 1644 1009 1729 quod
1141 1713 1147 1720 N

241 1759 373 1825 Nollem
395 1777 487 1824 onus
500 1759 590 1824 haud
612 1779 754 1844 unquam
777 1763 896 1826 solitus
917 1767 1054 1848 portare
1078 1768 1262 1836 molestum.

216 1969 217 1972 ¹
292 1951 315 2000 1.
352 1965 379 2003 v.
399 1951 444 2002 99.
464 1952 589 2002 bocurtus
608 1953 635 2002 S.
656 1949 874 2015 (onustocGodd.
895 1952 973 2021 aliq.)

282 2056 319 2106 11.
353 2071 385 2110 o·
403 2057 447 2108 97.
466 2059 549 2107 nolim
567 2058 600 2108 Τ.

240 2198 423 2262 negligentiae
447 2201 566 2252 tribuere
587 2203 763 2264 potuissem.»
802 2217 886 2268 equos
906 2205 1044 2258 Romanus
1068 2214 1231 2272 permansit,
1261 2229 1328 2264 con·

240 2301 272 2312 -
286 2275 389 2340 atboc]
410 2275 611 2342 «ntpropterea
622 2285 695 2330 tanto
707 2295 765 2332 ma·
802 2286 903 2346 tempto
916 2289 1052 2336 senatorio
1065 2290 1189 2339 ordine.»
1208 2291 1277 2343 Aca.
1294 2319 1326 2330 -

145 2409 148 2416 Ι
240 2354 325 2404 iorem
339 2355 474 2412 illidebeo
488 2359 613 2420 gratiam,
634 2362 705 2422 qnod
720 2375 764 2410 mc
801 2363 937 2412 salutandi
959 2363 1064 2427 ptores]
1094 2367 1216 2430 Explicat
1241 2371 1328 2421 Hein-

240 2433 339 2482 metius
351 2447 432 2496 quam
448 2437 603 2486 condicioni
621 2451 687 2489 suae
700 2453 764 2489 oon·
801 2440 917 2490 dontius:
948 2443 1124 2494 «salutatores
1143 2446 1234 2509 piures
1254 2451 1327 2498 acci-

238 2513 374 2572 veniebat,
387 2513 559 2564 educandum
569 2517 700 2570 curavit.»
714 2516 764 2565 Lo·
802 2519 922 2579 piendi.»
960 2520 1008 2570 Vix
1030 2529 1117 2580 recte:
1136 2539 1201 2576 uam
1221 2541 1326 2577 memo-

238 2589 342 2638 ctioues
355 2590 456 2646 adbuc,
476 2593 512 2640 od
528 2593 598 2647 bace,
618 2592 649 2641 ob
659 2595 706 2642 boo
721 2607 764 2642 or·
801 2597 885 2645 sanda
904 2611 970 2648 sone
988 2605 1046 2649 erat
1063 2601 1144 2664 longe
1160 2605 1248 2654 maior
1268 2621 1326 2656 ruo·

238 2670 282 2715 tae
295 2672 397 2716 suntor
410 2668 456 2717 boo
466 2682 522 2718 non
535 2670 599 2718 satis
612 2670 762 2720 intellecto.
800 2675 877 2723 iestia
891 2676 960 2725 alios
973 2678 1122 2739 salutandi;
1144 2687 1170 2731 et
1182 2685 1229 2746 qui
1239 2686 1325 2735 maio·

273 2743 412 2793 tto-too.
461 2746 505 2796 Nil
523 2743 578 2808 ore]
611 2749 762 2810 «quamdin
800 2766 843 2801 res
874 2754 991 2804 honores
1014 2761 1202 2822 ¹appetebant,
1241 2765 1325 2814 etiam

238 2826 311 2871 certe
328 2835 410 2876 sanus
424 2835 489 2883 ero,
510 2837 650 2888 nunquam
666 2823 762 2890 parum
800 2845 861 2880 cum
875 2839 1027 2895 senatores,
1048 2839 1165 2899 aediles,
1184 2847 1324 2903 praetores

237 2899 306 2949 mihi
322 2899 384 2948 telin
397 2901 483 2960 videri
497 2909 608 2965 potero,
629 2907 701 2968 quod
715 2907 762 2956 tati
800 2916 899 2972 essent,
920 2912 1109 2976 suffragiorum
1129 2924 1154 2967 et
1166 2921 1324 2972 ambitionis

236 2982 317 3026 natur
327 2977 378 3026 sim
391 2984 495 3040 patre.»
507 3007 535 3017 -
551 2979 626 3044 doto]
647 2985 760 3047 Utapud
799 3003 881 3038 causa
903 2993 1035 3054 primores
1064 2996 1179 3046 civitatis
1203 3000 1324 3051 satutare

236 3054 330 3116 lilios,
351 3057 475 3120 canipa.»
487 3083 517 3094 -
531 3075 623 3111 aevum
635 3060 760 3126 remeare]
799 3082 910 3118 necesse
923 3070 1068 3122 habebant.
1097 3075 1137 3124 ita
1150 3077 1180 3126 L.
1200 3077 1324 3140 Vargun-

237 3134 336 3186 aritam
348 3135 438 3186 denuo
457 3138 605 3201 incipero.»
626 3166 658 3177 -·
677 3138 761 3206 adso·
798 3147 866 3195 teins
880 3154 988 3197 senator
998 3157 1024 3200 et
1033 3151 1062 3200 G.
1073 3153 1226 3215 Cornelius,
1237 3171 1323 3221 eques

235 3209 322 3274 atum]
360 3217 533 3265 «saecundum
564 3218 682 3279 tastum,
711 3233 759 3282 pro
798 3224 863 3283 iio„
893 3225 971 3275 sicuti
989 3226 1135 3280 salutatum
1153 3233 1266 3284 introire
1287 3236 1322 3284 ad

233 3287 306 3339 fastu
325 3304 375 3341 suo
390 3301 526 3356 parentes,
549 3297 646 3358 quibus
657 3297 759 3359 gloria·
797 3301 955 3354 Ciceronem
970 3307 1109 3370 volebant,
1132 3317 1161 3360 nt
1173 3326 1236 3362 eum
1250 3314 1322 3363 occi·

232 3373 336 3418 retur.»
359 3370 445 3433 iunge
458 3379 549 3422 antem
568 3387 629 3423 cum
642 3389 669 3425 v.
684 3382 759 3437 opto·
796 3380 900 3431 dorent.
921 3383 975 3434 Sat.
991 3385 1048 3437 Cat.
1063 3389 1107 3438 28.
1144 3391 1252 3442 Festive
1264 3393 1322 3443 Ma-

231 3453 366 3507 ret„non
384 3464 446 3499 cum
462 3452 601 3515 micuere,
628 3456 758 3516 quemad·
796 3459 877 3508 nitius
897 3461 928 3521 5,
947 3463 999 3514 tit:
1031 3462 1177 3526 (salutator
1191 3475 1321 3520 strenuus

232 3525 344 3574 modum
366 3526 426 3576 aliis
443 3529 555 3591 placuit.
575 3557 607 3566 -
631 3530 756 3595 Optaret]
795 3550 826 3586 ac
849 3537 960 3599 soliers)
992 3543 1083 3594 Imtor
1100 3549 1150 3596 erit
1165 3550 1262 3610 populi
1281 3557 1320 3599 to-

233 3601 336 3650 ulibara
355 3605 465 3666 optione
487 3607 539 3654 sibi
555 3615 703 3658 sumeret.»
724 3635 755 3646 -
794 3620 871 3677 taque
884 3619 1013 3670 habitabit
1025 3623 1054 3670 in
1068 3625 1131 3674 Urbe
1143 3627 1249 3677 Linrina
1258 3643 1320 3691 pcr-

231 3675 361 3740 boncatos]
382 3682 544 3731 «honoratos
554 3686 757 3761 curulibnsma·
793 3694 924 3756 votitam,
948 3713 1076 3763 unumque
1090 3717 1139 3764 per
1156 3707 1246 3756 omnio
1262 3721 1319 3757 vor·

231 3757 405 3819 gistratibus,
425 3761 582 3811 consulares
604 3770 631 3812 et
650 3773 756 3829 praeto·
793 3770 852 3820 bum
869 3775 948 3824 Marso
967 3779 1103 3829 salutandi
1118 3790 1233 3844 portum
1250 3791 1318 3835 eom·

141 3851 155 3890 3
227 3835 315 3887 rios.»
334 3835 425 3888 Coum.
436 3837 485 3890 Cn.
495 3838 583 3890 Plani.
593 3841 669 3907 Capt.
685 3846 712 3901 2,
726 3846 752 3906 3,
791 3853 876 3900 marnis
893 3855 999 3904 amicus.

230 3912 281 3961 32:
320 3913 369 3974 Qui
392 3929 432 3989 me
457 3918 560 3968 bonore
583 3921 754 3972 honestiorem
827 3929 984 3981 tun-109.
1019 3935 1171 4000 peropacae]
1191 3955 1222 3991 ee
1238 3942 1318 3992 oolli-

229 3992 396 4055 consperserit
410 3999 434 4042 et
446 3996 521 4058 fucit.
531 4023 563 4032 —
571 3999 682 4061 fortusse
696 3999 751 4064 too]
790 4009 894 4067 quescit
908 4003 973 4058 ‘cum
988 4026 1068 4064 versu
1081 4029 1138 4080 seq.
1149 4045 1182 4054 —
1195 4019 1315 4084 calones]

229 4069 365 4131 «Egregie
377 4071 429 4122 hoc
439 4073 515 4135 dixit,
533 4077 597 4140 quia
607 4078 752 4130 Maecenas
790 4085 916 4138 «viliores
930 4092 1028 4144 servi.»
1050 4092 1146 4146 Gnoss.
1160 4097 1189 4147 h.
1203 4098 1223 4147 l.
1238 4103 1317 4164 equi·
