2856 4782
517 315 581 360 ιιι.
602 312 637 360 ιι.
679 285 808 360 ιιιξιι.

109 448 306 537 ,θοιιιιρῑιιι
327 451 428 516 venis
450 467 575 534 rerum3
598 453 675 534 qula
696 454 821 516 veneat
842 465 924 514 auro
990 499 994 504 .

115 572 210 636 Rara
234 573 311 636 avis
332 575 369 633 et
392 572 482 654 pieta
502 541 630 654 pendat
651 571 855 654 spectacula
868 568 994 636 cauda:

116 689 299 774 'tamqnam
321 688 365 755 ad
382 707 452 754 rem
471 692 615 755 attineat
633 688 820 774 quidquam.
852 689 937 754 Nun
956 687 1107 754 vesceris
1121 689 1205 768 ista,

117 806 222 888 Quam
245 808 380 888 landas,
403 802 542 892 plume?
564 814 662 876 coeto
685 829 761 874 num
783 807 880 874 adest
901 807 1009 898 honor
1029 799 1144 872 ruent

118 924 230 994 Carne
253 932 365 1000 tamen
388 931 538 1012 quemvis
559 929 662 994 distat
683 929 747 1007 nil,
770 928 833 996 heo
854 929 962 1016 nugis
984 927 1072 992 illurn

170 1121 194 1170 1.
233 1136 261 1171 v.
280 1121 325 1170 29.
341 1118 435 1184 illam]
456 1121 501 1171 hs.
522 1122 570 1170 illo
588 1135 613 1170 c.
634 1127 661 1170 et
679 1121 752 1170 Libri
771 1121 828 1171 sere
847 1134 953 1172 omnes.
973 1121 1012 1172 M.

157 1226 195 1275 ll.
233 1240 262 1276 v.
281 1226 326 1276 29.
346 1225 395 1274 illo
412 1225 487 1276 LCT.
507 1227 568 1275 lineo
585 1229 671 1292 mopir
689 1226 737 1275 illo
754 1227 785 1276 F.

106 1375 109 1380 .
146 1331 197 1380 lll.
235 1346 263 1382 v.
283 1331 327 1382 20.
346 1332 428 1386 nihil,
447 1333 497 1382 doe
514 1334 599 1394 inopis
616 1332 665 1380 illo

148 1435 193 1485 IV.
233 1436 289 1485 Sat.
310 1435 346 1484 ll.
366 1449 393 1487 v.
413 1435 455 1484 98.
473 1437 546 1485 color
563 1437 631 1486 idem
648 1435 732 1486 catu.
752 1436 831 1486 Torr.
852 1449 884 1486 er
903 1435 985 1498 gloss.

120 1580 213 1642 [sopiit
227 1580 318 1627 morio
333 1579 472 1628 mutarent.
493 1602 524 1613 -·
540 1579 645 1640 pandat
683 1579 758 1630 illem
784 1578 818 1627 ad
843 1591 955 1628 carnem
981 1579 1133 1628 remotioris
1154 1593 1216 1644 po-¹

120 1651 287 1718 sperantia]
318 1669 451 1718 «expansa
477 1657 563 1706 cauda
588 1656 646 1718 pul·
683 1658 758 1705 vonis
781 1671 807 1708 ι.
829 1655 873 1704 93.
916 1656 1089 1717 lungendum
1115 1661 1207 1706 autem

122 1734 272 1783 cherrimus
300 1747 365 1783 snos
389 1733 494 1783 oolores
523 1735 647 1784 ostendat
684 1739 795 1796 propter
815 1747 944 1784 caesurae
958 1734 1013 1783 vim
1031 1734 1106 1783 illam
1122 1736 1207 1798 inopis

119 1812 267 1873 speetatori
280 1823 398 1874 eumque
414 1811 556 1862 delectet.»
578 1813 646 1862 Con·
683 1813 746 1870 hoo,
776 1825 832 1860 non
850 1813 933 1860 distat
952 1811 1019 1860 nihil
1039 1813 1096 1861 hoo.
1141 1813 1207 1861 Esto

122 1893 214 1936 strue:
242 1895 379 1951 tamquam
396 1889 431 1936 od
455 1901 509 1937 reto
532 1891 646 1938 attineat
684 1895 709 1939 te
722 1895 828 1950 petere,
856 1893 885 1938 nt
903 1889 969 1951 lipp.
986 1889 1011 1948 1,
1026 1889 1051 1948 1,
1066 1889 1114 1938 81:
1142 1891 1207 1938 Esto

121 1967 281 2029 puidpoom',
302 1968 365 2028 poio
379 1963 474 2030 (quod)
488 1973 580 2016 ueneat
593 1971 644 2016 oet.
683 1967 744 2015 olitr
763 1967 831 2016 ulios
851 1967 925 2015 rebus
944 1965 1087 2029 studiisque
1108 1967 1206 2025 toneris

121 2067 154 2080 -
172 2040 265 2104 coeto]
287 2043 386 2094 aGocto
397 2044 496 2106 pavoni
509 2058 575 2092 num
585 2057 647 2094 ma·
684 2046 779 2106 potitae
788 2049 878 2094 autem
888 2048 942 2094 esto
952 2039 1033 2094 etlam
1045 2044 1136 2093 in'flne
1145 2057 1206 2093 sen·
1263 2061 1270 2071 ·

121 2125 166 2169 net
182 2121 280 2171 eadem
298 2123 486 2185 pulchritudo,
506 2135 576 2186 quae
589 2123 648 2172 tue·
683 2123 783 2172 tentiae
804 2135 906 2184 ponere
928 2135 978 2171 our
1001 2135 1056 2170 non
1075 2121 1206 2174 licuerit?

120 2204 161 2248 rat
174 2201 258 2251 vivet
287 2201 402 2252 Minime
418 2215 512 2252 vero.»
533 2225 565 2237 -
583 2214 647 2250 num
684 2213 848 2262 quamquam
862 2199 1101 2261 negatlientleins.
1122 2199 1204 2260 Quid,

120 2275 208 2340 Mart]
228 2279 270 2328 lie
294 2279 346 2327 hoo
367 2279 442 2327 hiatu
467 2279 646 2342 monosyllabi
684 2277 756 2339 qnod
771 2278 851 2326 etiam
870 2290 902 2326 er
914 2277 1106 2340 Porphyrionis
1124 2277 1208 2339 expll-

119 2355 181 2406 vide
206 2356 364 2406 ·Sohneider
389 2357 450 2406 Lot.
475 2355 592 2407 Gramm.
619 2359 645 2407 1.
684 2355 791 2404 catione
803 2367 859 2403 non
869 2357 1064 2417 usquequaque
1078 2361 1151 2404 recta
1161 2368 1207 2417 pa-

119 2445 148 2494 ρ.
167 2433 230 2482 156.
684 2436 736 2492 tet,
755 2433 828 2481 huno
840 2433 895 2481 iarn
906 2433 1084 2481 Scholiaslam
1096 2431 1205 2493 legisse,

155 2511 198 2560 29.
219 2511 266 2560 3⁰.
298 2511 583 2573 Came-distatothti,
598 2513 661 2561 hoa¹
684 2517 714 2561 nt
734 2524 784 2560 uos
805 2511 987 2560 restituimus:
1016 2510 1148 2560 «Carnem
1169 2514 1208 2558 ta·
1257 2511 1260 2518 ⁴

119 2589 204 2651 inopis
216 2589 293 2637 illam
304 2613 316 2624 ·
327 2613 338 2624 ·
351 2595 375 2638 te
386 2595 473 2651 patero
486 2587 559 2651 esto]
578 2589 646 2641 Meis
684 2603 747 2640 men
761 2590 864 2650 hanon
884 2590 986 2652 inquit,
1007 2589 1110 2651 «magis
1124 2599 1206 2650 quam

120 2664 206 2715 Codd.
221 2667 333 2715 tandem
345 2666 469 2716 fimatur
477 2667 586 2728 egregia
599 2667 647 2716 ho·
684 2666 760 2716 illam
774 2671 865 2737 petere
878 2680 933 2716 non
950 2667 1061 2716 dobes.»
1089 2665 1208 2728 Apparet

120 2755 182 2792 rum
201 2754 334 2795 versuum
354 2749 434 2794 antea
456 2750 646 2807 corruptorum
684 2745 896 2809 Porphyrionem
910 2746 984 2797 ineo
999 2743 1206 2807 errasse,qn0d

120 2823 272 2882 eorrectio,
297 2835 378 2884 qnam
395 2835 411 2871 a
429 2821 572 2872 Torrentio
590 2823 647 2871 oin·
684 2837 711 2873 v.
729 2831 783 2872 erto
801 2823 936 2886 separavit
948 2837 963 2872 a
975 2838 1002 2874 v.
1014 2830 1101 2886 petere
1118 2828 1144 2872 et
1156 2823 1209 2871 hoo

120 2902 163 2948 ter
176 2901 268 2950 varim
285 2901 416 2950 lectiones
442 2901 470 2950 in
487 2915 543 2950 nno
566 2903 647 2964 atque
685 2915 711 2953 v.
733 2901 827 2951 hahuit
851 2916 900 2964 pro
926 2901 1059 2954 infinitivo
1084 2901 1208 2962 indigna-

65 3027 67 3031 .
121 2977 208 3027 altero
221 2977 322 3028 Codice
338 2981 490 3041 repertam»
505 2991 536 3028 ao
550 2980 647 3042 proha·
685 2978 766 3028 tionis
791 2993 812 3028 s.
831 2980 1027 3040 admirationis.
1071 2979 1158 3042 Atque
1176 2989 1209 3027 ex

120 3059 176 3104 um
192 3055 290 3105 reiecit
309 3055 463 3118 humisine,
484 3058 647 3119 posteriores
685 3057 781 3106 eodem
797 3049 871 3107 tonte
887 3057 962 3107 fluxit
980 3059 1034 3106 iam
1051 3063 1113 3106 ante
1125 3047 1209 3106 horo·

120 3146 232 3196 prorsus
265 3133 454 3194 neglexerunt.
508 3135 647 3184 Sententia
685 3139 748 3183 hom
762 3139 884 3185 nostrum
892 3136 1001 3196 volgata
1013 3135 1138 3184 lectionis
1151 3147 1209 3182 eor·

120 3217 187 3260 est:-
211 3223 227 3256 «
236 3211 368 3272 Quamvis
388 3212 461 3273 quod
481 3213 515 3260 ad
536 3225 662 3261 earnem¹
685 3214 805 3274 ruptela3
826 3214 956 3262 nimirum
969 3227 1031 3279 cum
1045 3211 1208 3262 infinitivum

119 3289 216 3338 attinet
234 3303 304 3352 pavo
322 3289 392 3339 nihil
404 3289 484 3338 distat
501 3302 516 3338 a
534 3289 646 3351 gallina,
685 3302 740 3339 non
753 3290 952 3353 intelligerent,
970 3297 1057 3352 petere
1069 3291 1209 3338 mutarunt

119 3371 212 3416 umen
230 3371 289 3416 esto
308 3363 371 3428 (hoo
383 3363 602 3429 tihioondouo‚)
621 3371 647 3416 te
685 3367 818 3430 inputet,
837 3369 912 3416 illem
932 3369 960 3416 in
973 3368 1031 3417 illa.
1069 3366 1127 3415 lam
1145 3380 1208 3415 cum

120 3448 230 3494 externa
249 3445 365 3507 pavonis
382 3443 584 3506 pulchritudine
601 3446 648 3494 de·
685 3458 785 3507 pravae
817 3444 942 3494 lectionis
974 3445 1208 3506 interpretationes

120 3527 229 3584 ceptum
241 3523 330 3584 magis
341 3527 434 3584 petere
443 3523 524 3572 huius
535 3534 646 3572 earnem
685 3528 799 3571 cunctae
824 3523 920 3584 podtne
946 3522 1032 3571 menti
1053 3523 1209 3592 necessario

119 3613 200 3662 qnam
219 3599 359 3661 gallinae3
379 3599 427 3648 sed
445 3599 513 3648 illud
526 3599 647 3662 protecto
685 3601 837 3650 contrariae
848 3601 916 3660 sini,
936 3603 1027 3650 tamen
1045 3600 1138 3662 siquis
1151 3613 1209 3650 oor-

119 3677 310 3727 stultissimum
325 3679 375 3736 est,
395 3677 418 3724 si
432 3676 646 3738 distingueretis
684 3678 819 3740 ruptelam
832 3678 914 3727 etiam
931 3679 1114 3740 inposterum
1131 3693 1209 3741 prae·
1249 3681 1254 3688 '

119 3755 195 3817 lupos
220 3754 346 3804 eiusdem
367 3766 477 3815 prorsus
497 3754 602 3804 lormue
621 3758 647 3803 et
684 3755 755 3804 terre
793 3755 933 3816 maluerit,
970 3757 1127 3806 memorabo
1162 3771 1207 3807 eas

119 3832 217 3882 oolorls
238 3845 273 3882 ex
297 3829 413 3882 diversis
433 3836 538 3902 mutum
561 3833 644 3891 loeis,
685 3834 790 3894 saltem,
809 3847 879 3898 qnae
895 3847 994 3896 magna
1010 3836 1122 3884 nomina
1144 3849 1208 3898 prae

118 3909 163 3958 uhi
180 3909 253 3971 oapti
273 3913 367 3958 sunt.»
404 3909 647 3959 Pronominahoo·
685 3911 831 3961 referunt:
852 3909 879 3976 1)
899 3913 983 3962 Corne
995 3917 1097 3974 tonna,
1118 3926 1208 3975 quam·

117 3987 190 4035 idom
207 3989 285 4035 rente
304 3986 394 4048 posita
410 3987 494 4047 sunt,
515 3999 577 4034 oum
598 3987 648 4035 hoo
683 3991 723 4036 vis
745 3990 841 4049 distat,
872 3991 939 4038 nihil
958 3989 1007 4037 hoo
1033 3991 1117 4054 mopis
1137 3987 1208 4035 illd·

118 4063 644 4125 retorsionecarnemgalltnaev.ttz·,
684 4071 709 4115 te
731 4063 827 4128 potet]
869 4065 1016 4127 «Quamvis
1041 4066 1120 4116 distet
1144 4075 1208 4112 caro
