2856 4782
509 289 574 338 m.
595 288 617 336 l·
659 288 733 338 SM·
754 289 799 336 vt.

120 425 325 514 Tarquinius
344 445 454 517 regno
475 427 591 512 pulsus
612 428 692 512 tuit,
714 429 812 494 unius
832 430 920 496 ossis

110 533 194 616 =Nou
216 566 362 633 unquam
383 549 494 632 pretio
514 549 621 633 pluria
641 547 794 636 dedisse,
815 551 955 616 notente

116 667 252 758 iudice,
275 685 341 753 quo
363 668 470 750 nosti,
492 668 634 752 populo,
655 669 712 753 qui
733 669 857 734 stultus
877 668 1023 734 honores
1163 664 1200 728 15

116 783 235 872 Saepe
257 786 316 852 dat
336 786 485 876 indignis
506 790 541 853 ei
562 787 671 854 famae
693 788 800 854 servit
823 789 978 875 ineptus,

116 905 187 989 Qui
207 909 324 992 stupet
343 908 379 974 ιιι
400 908 507 973 tituta
528 910 564 974 et
584 908 792 994 imminues.
837 905 926 989 onio
947 883 1082 994 oportet

114 1027 192 1094 Nos
213 1027 328 1094 fucere
349 1045 371 1094 a
390 1028 496 1116 volgo
517 1028 621 1116 longe
641 1029 810 1117 longeque
831 1021 1007 1095 remotos?

114 1147 270 1233 Namque
292 1150 382 1232 esto,
403 1147 548 1233 populus
569 1149 720 1216 Laevino
741 1150 855 1216 mallei
876 1148 1036 1219 honorem

171 1321 196 1371 r.
233 1320 312 1373 nra.
331 1321 399 1386 popu
417 1334 552 1384 superse.
571 1321 623 1386 fur
641 1321 688 1374 us,
708 1307 934 1388 (naccinae.)
970 1337 998 1376 v.
1012 1323 1056 1375 tt.
1072 1322 1155 1387 praru
1173 1323 1202 1372 tn

116 1403 216 1442 rasura
235 1391 263 1440 h.
301 1387 339 1455 (r.
358 1391 403 1441 15.
422 1391 532 1442 liabent
549 1405 601 1456 poc
619 1385 694 1456 usn.)

158 1497 196 1546 li.
233 1496 459 1560 r.1³.fopitF.
496 1509 523 1550 r.
543 1497 586 1548 15.
610 1510 685 1562 poem
701 1499 772 1549 nomi
789 1497 844 1548 LT.
863 1510 915 1563 poc
931 1495 1024 1550 nestit
1043 1495 1074 1550 G.
1110 1511 1138 1551 r.
1157 1493 1202 1550 ts.

119 1567 197 1631 napa
215 1567 317 1630 utaque
333 1565 389 1616 ur.

148 1664 201 1722 111.
239 1671 296 1764 dat.
315 1671 363 1724 Vl.
399 1671 491 1725 vato.
509 1673 577 1738 puts
612 1686 641 1725 r.
661 1672 705 1724 18.
726 1674 777 1726 Vos
794 1673 867 1724 coni.

117 1815 251 1880 piendum
271 1814 402 1877 arbitror,
429 1827 486 1866 non
503 1829 566 1867 cum
583 1815 645 1868 aliis
682 1817 720 1866 eis
740 1817 829 1880 pretio
847 1816 926 1867 onitu
941 1816 1008 1866 uria
1025 1815 1141 1874 leidae,
1161 1829 1206 1868 ae·

118 1895 153 1945 de
178 1893 288 1944 liberali
313 1894 387 1944 cuitu
407 1895 452 1945 rel
477 1897 511 1946 de
537 1909 645 1946 morum
683 1896 821 1946 stimatum
836 1907 897 1946 esse
914 1895 1039 1947 reintiin
1057 1895 1206 1946 licitatione

118 1975 253 2036 probitate
263 1987 271 2033 ;
291 1973 337 2023 liic
356 1974 429 2023 enim
450 1973 484 2024 de
502 1975 645 2025 homiuum
684 1987 706 2024 e.
720 1974 846 2024 auctione
857 1987 865 2033 ς
885 1987 910 2024 es
926 1975 963 2024 sei
974 1975 1017 2024 nie
1027 1975 1100 2024 nacta·
1111 1974 1152 2024 eia
1163 1975 1207 2024 ein

118 2052 257 2102 natalibus
277 2051 415 2102 dumtaxat
426 2052 557 2116 loquitur.
588 2052 644 2102 Cir.
683 2052 772 2102 Hetlar
790 2053 842 2116 cot
856 2051 902 2102 tin
918 2053 1026 2116 peioren
1042 2053 1159 2102 worden.
1174 2075 1204 2090 ··

118 2131 193 2182 Suet.
207 2129 303 2181 octar.
321 2129 374 2180 id:
395 2131 514 2182 Valerios
532 2129 646 2183 Measoto
682 2130 801 2190 notante]
818 2131 1018 2192 »ignominiose
1034 2130 1068 2180 de
1086 2143 1119 2180 eo
1138 2129 1207 2180 indi·

118 2209 222 2264 tradit,
242 2209 370 2258 seminem
381 2221 498 2274 unquam
513 2208 646 2259 libertino-
684 2212 804 2270 caute,u
832 2213 862 2259 ut
883 2222 981 2259 censor
994 2214 1090 2266 notat,
1122 2221 1205 2272 quem

117 2299 177 2336 rum
192 2286 342 2338 adhibitum
358 2285 520 2350 altoponte
541 2299 645 2348 cectaoe,
683 2292 779 2338 senatu
792 2290 893 2339 movet.
906 2288 1048 2344 -iudice,
1062 2282 1206 2350 piscatorii]

118 2370 225 2427 eccepto
248 2364 347 2426 Meno,
373 2365 418 2414 ted
438 2369 538 2415 eramo
557 2368 587 2415 in
605 2368 646 2415 in·
682 2364 813 2415 Attractio
831 2365 915 2414 etiam
935 2364 1045 2414 Graecis
1063 2365 1161 2415 usitate
1177 2367 1209 2413 nt

117 2446 290 2508 quantitatem.
310 2467 340 2478 ·-
368 2440 455 2504 liciti]
482 2443 540 2496 Lir.
561 2445 590 2504 lt,
609 2445 645 2494 32
684 2444 794 2493 Terent.
815 2443 962 2492 Heautont.
986 2443 1013 2502 1,
1035 2443 1060 2502 1,
1082 2443 1134 2492 35ι
1159 2443 1209 2492 lton

117 2523 291 2585 linonpoom
307 2511 411 2572 creditis
427 2521 509 2584 {ando
525 2521 647 2574 auditum
683 2522 785 2585 paridem
800 2533 895 2581 emero,
923 2520 1053 2583 pandici
1071 2520 1128 2569 titi.
1148 2519 1207 2572 Lir.

117 2613 168 2649 csse
190 2624 222 2635 —
246 2597 365 2648 Seruium
385 2599 512 2660 Tullium,
539 2603 647 2664 captiuo
685 2600 714 2661 1,
740 2601 792 2650 292
814 2600 936 2662 ⁴raptim
976 2596 1068 2661 padus
1104 2598 1210 2660 qouque

118 2677 299 2728 comicadano
324 2682 433 2734 notum,
456 2685 536 2740 petre
556 2679 644 2736 notio,
681 2684 789 2743 peteret
810 2678 895 2728 cintia
918 2699 950 2712 -
977 2671 1080 2738 ιίιιιῑῑι]
1115 2675 1211 2725 iuscri-

117 2762 204 2806 anotre
233 2768 330 2816 seruo,
370 2757 474 2820 inperio
499 2762 524 2807 et
548 2759 646 2808 uirtute
685 2757 821 2820 ptionibus
839 2760 988 2806 statuarum
1001 2765 1210 2804 acmonumen·

119 2833 375 2898 repnumtcnuisset
389 2859 418 2870 -
440 2829 550 2896 Contra]
569 2847 647 2898 opre-
685 2841 774 2887 torum
806 2834 1015 2884 honorariorum
1054 2832 1211 2894 sepulchra·

120 2913 153 2962 ire
165 2912 274 2974 nostin3
296 2911 324 2961 id
336 2913 408 2975 quod
424 2912 590 2963 eliciendum
606 2917 647 2963 esi
684 2915 816 2977 liumque.
844 2911 883 2961 iic
895 2911 1052 2975 inopinitate
1068 2911 1154 2962 cereis
1171 2910 1211 2964 ri·

120 2999 152 3040 ex
168 3005 213 3044 vr.
233 2991 376 3052 persuadeo
392 2991 439 3041 tibi
454 3003 522 3043 vere.
537 2992 647 3042 *Loe-
684 3003 778 3043 rorum
807 2991 895 3041 curuli
919 2990 1079 3052 magistratu
1106 2989 1213 3040 iuncto·

119 3065 219 3130 einum]
241 3069 311 3118 «liic
325 3068 357 3119 P.
373 3068 496 3119 Valerius
512 3070 647 3122 Laevinus
684 3085 763 3131 rum,
794 3081 865 3132 quae
886 3068 916 3118 in
936 3069 1061 3118 armariis
1079 3069 1212 3119 atriorum

121 3146 187 3196 adeo
200 3146 290 3196 foedis
303 3159 336 3195 ac
353 3147 480 3210 proiectis
495 3147 524 3197 in
537 3161 647 3198 omnem
686 3149 907 3207 collocabantur,
926 3148 989 3199 ride
1006 3146 1100 3210 Polyb.
1118 3146 1146 3206 o,
1165 3147 1210 3198 5³.

120 3224 319 3288 turpitudinem
349 3226 471 3274 moribus
501 3226 584 3286 vixit,
618 3231 648 3276 ut
721 3226 846 3277 iti—ne.
894 3225 947 3275 itoa
968 3219 1062 3288 secere]
1091 3223 1212 3286 «Quodsi

120 3305 234 3365 prouehi
254 3315 311 3353 non
333 3305 452 3367 potuerit
474 3303 546 3354 nitra
565 3317 648 3368 quae·
686 3305 801 3370 populus
836 3304 870 3353 de
903 3303 1048 3365 petitorum
1081 3303 1212 3363 dignitate

120 3387 211 3433 sturae
247 3381 441 3444 dignitatem.»
481 3381 586 3434 Poura.
613 3403 647 3426 -ι
686 3389 758 3434 recte
776 3381 912 3432 interdum
931 3380 1048 3440 iudicat,
1074 3379 1212 3430 interdum

120 3457 197 3522 ende]
224 3473 258 3510 oa
284 3473 338 3523 quo
365 3459 473 3512 Valerio
491 3461 646 3525 Poplicola,
686 3470 799 3525 prave,=
818 3471 911 3509 nonne
936 3471 1006 3518 nos,
1038 3458 1085 3520 qui
1110 3459 1211 3508 rectius

119 3544 166 3590 ut:
184 3553 267 3605 penos
288 3539 357 3589 unde
374 3539 528 3590 Latinam.»
547 3541 646 3592 Senon.
686 3541 767 3602 volgo
788 3538 889 3588 sentire
915 3536 1012 3585 merito
1036 3536 1116 3586 nobis
1137 3537 1212 3589 vide·

121 3641 152 3655 -
163 3619 257 3682 pehtis
276 3613 338 3680 soit]
354 3617 487 3668 Praesens
502 3619 572 3682 tiopit
592 3607 653 3679 nic,'
686 3631 765 3678 mur,
785 3627 1010 3680 compertorum
1030 3614 1163 3665 iudicium
1178 3615 1213 3666 de

120 3695 166 3744 nbi
183 3709 242 3746 non
260 3699 444 3746 narraturres
462 3697 535 3764 ipsa,
554 3696 649 3750 rixlo-
686 3696 841 3746 hominibus
867 3695 896 3744 ln
920 3697 1042 3744 nostram
1062 3694 1213 3744 amicitiam

120 3775 302 3834 caminici,
332 3775 383 3824 etei
400 3787 483 3837 saepe
499 3775 650 3838 iunguntur
686 3775 860 3826 admittendis
882 3778 929 3824 aut
950 3785 982 3822 ex
1006 3785 1038 3822 ca
1060 3773 1214 3824 excludent*

117 3853 208 3914 potas
227 3854 299 3918 sopit
322 3847 360 3915 (r.
379 3848 501 3917 Bentl.);
529 3855 577 3903 sed
595 3855 649 3904 hoc
687 3855 728 3904 dis
758 3853 830 3905 terre
853 3852 1032 3912 debebimus,
1068 3852 1150 3914 longe
1171 3864 1213 3901 rc·

120 3929 204 3980 dicit:
226 3935 271 3980 «ct
292 3928 387 3993 pulsus
406 3936 447 3981 est
465 3935 492 3981 et
505 3935 599 3996 postea
620 3932 648 3982 in
687 3931 753 3982 moti
777 3932 811 3982 ab
831 3930 1013 3982 inconstantia
1037 3929 1103 3991 illa,
1130 3942 1213 3992 quam

120 4011 284 4072 perpetuum
297 4008 514 4060 exanimansitn)
529 4009 650 4058 -ooior
688 4009 716 4059 in
743 4009 852 4074 popello
878 4012 933 4061 lam
963 4008 1126 4073 reprehendi
1156 4001 1212 4068 (rr.

120 4082 194 4151 oses]
214 4086 371 4142 construe:
390 4099 444 4138 ιιοιι
460 4099 576 4152 munem
590 4086 649 4148 pio·
687 4088 721 4139 15
732 4111 762 4126 ···
773 4083 852 4152 17.)t
870 4089 994 4152 Namque
1011 4082 1142 4150 perfacile
1152 4081 1213 4133 tieri
