2928 4794
229 271 309 344 316
370 337 376 342 .
545 251 707 342 *nonnuli
735 294 973 342 coisnonsnuus

228 430 360 500 Crustis
382 437 417 500 et
438 436 545 518 pomis
567 434 687 500 viduus
708 438 874 500 venentur
895 453 1019 500 avaros

226 553 473 640 Excipiamque
494 574 611 634 senes,
635 574 718 640 quos
740 559 774 619 in
796 557 927 622 vivaria
949 557 1098 640 mittunt,

192 713 193 716 ι
227 677 347 741 Multis
370 676 501 740 occulto
522 678 646 742 crescit
668 695 724 740 res
747 677 874 741 fenore.
918 677 1043 747 Verum
1117 719 1127 740 ,·
1186 691 1187 696 ’

226 797 311 862 Esto
333 797 408 862 aliis
429 798 514 861 alios
535 798 636 862 rebus
658 786 844 881 studiisque
866 799 990 884 teneri:
1058 862 1063 870 ,

178 947 180 950 ·
226 918 318 984 idem
341 916 458 982 endem
482 922 622 1003 possunt
645 917 758 981 liorem
782 916 903 1004 durare
924 911 1140 1002 probantes?

225 1039 345 1106 Nullus
367 1042 400 1103 in
423 1040 503 1104 orbe
526 1041 619 1104 sinus
640 1037 732 1102 Baiis
754 1039 927 1122 praelucet
948 1042 1111 1124 amoenis,

266 1252 302 1301 ll.
340 1266 367 1301 v.
386 1249 430 1299 78.
450 1250 553 1300 Frontis
571 1250 624 1300 LT.
644 1251 748 1300 Fnsets's
765 1250 795 1302 C.
833 1265 861 1304 ι.
880 1251 924 1302 82.
941 1258 1085 1315 possuntne
1102 1251 1154 1304 LC.
1226 1279 1230 1284 ·

226 1425 400 1488 publicanos}
412 1437 516 1474 summa
527 1424 673 1487 cupiditate
683 1425 748 1474 scri·
786 1425 1032 1488 uisxminoribusn
1073 1418 1139 1486 (Clr.
1171 1422 1228 1474 Cic.
1261 1429 1311 1485 pro

226 1510 342 1566 piuram,
368 1504 497 1566 portoria,
522 1511 679 1569 ceterosque
700 1519 747 1568 pu·
786 1508 884 1556 Flacco
902 1502 959 1567 21.)

226 1583 310 1632 blicos
324 1583 425 1631 reditus
437 1583 615 1634 conducentes.
636 1583 747 1646 (lterum
821 1585 865 1634 81.
884 1584 929 1633 82.
966 1579 1040 1643 Esto]
1071 1581 1118 1631 Est
1135 1581 1311 1632 concedentis

225 1667 252 1711 et
268 1662 433 1725 privatarum
452 1666 478 1710 et
496 1675 608 1724 operum
628 1662 749 1724 publico·
787 1662 991 1728 praecedentia,
1009 1661 1072 1710 sed
1102 1673 1164 1709 cnm
1192 1659 1312 1722 pandam
1398 1666 1401 1672 '
1457 1633 1458 1672 ἶ

225 1755 287 1790 rum
311 1741 494 1808 redemptores
517 1738 645 1790 describit
672 1740 748 1790 inve·
787 1739 1144 1801 inmencorrectione,quae
1158 1739 1313 1800 insequen-

225 1820 296 1870 n'alis
323 1819 354 1874 3,
382 1819 432 1868 30:
458 1825 582 1868 marceant
607 1815 746 1881 (Romae),
786 1822 857 1869 tibus
882 1819 1039 1882 exponitur3
1066 1818 1224 1880 neutiquam
1245 1831 1311 1868 vero

225 1899 270 1961 put
286 1898 365 1960 niprn
383 1897 412 1945 in
430 1895 671 1954 candidavertnnt,
691 1897 749 1958 quit
787 1899 899 1961 simplex
929 1899 963 1947 ad
992 1897 1045 1946 elia
1073 1897 1232 1957 transeundi
1255 1895 1311 1946 lor·

224 1975 300 2040 [acite
313 1981 350 2023 cst
362 1974 451 2024 cedem
463 1975 612 2029 conducere,
627 1973 747 2038 (lumino,
786 1979 871 2027 muln.
892 1975 947 2027 Clr.
961 1976 1055 2025 Lamb.
1076 1977 1110 2024 ud
1129 1976 1196 2038 Epp.
1217 1977 1243 2035 1,
1265 1976 1309 2031 16,

222 2059 327 2117 portus,
342 2052 495 2102 siccandam
509 2053 624 2112 etnctem,
636 2059 748 2115 porton-
786 2056 829 2106 56.
869 2056 996 2114 «Verum,
1017 2060 1045 2103 ut
1065 2056 1135 2103 banc
1153 2055 1239 2116 ipsam
1255 2059 1312 2103 stu-

224 2133 287 2182 dnm
309 2134 345 2180 od
369 2131 445 2184 busta
470 2130 604 2194 cadauer.)
646 2129 748 2180 Amare
787 2135 892 2184 diorum
916 2134 1006 2182 minus
1028 2133 1204 2183 bonestorum
1223 2133 1312 2183 varie·

225 2215 317 2268 autem
331 2224 391 2259 curn
406 2209 568 2273 publicanis,
585 2211 649 2261 uiris
667 2202 748 2274 eque·
785 2219 869 2263 tatem
887 2212 1055 2261 multitudini
1076 2212 1238 2268 coridonem,
1258 2211 1312 2260 hac

225 2291 286 2340 stris
300 2290 413 2358 ordinis,
427 2289 645 2348 committituiles
658 2295 747 2353 capta·
786 2293 961 2356 perversitate
975 2304 1059 2354 prope
1072 2291 1158 2352 magis
1172 2291 1310 2352 indignor,

225 2375 296 2429 tores
308 2363 510 2430 (heredipetas),
521 2368 567 2430 qui
577 2369 747 2418 nnusviduss
786 2373 858 2434 qnod
875 2372 902 2419 in
924 2371 977 2418 illis
992 2371 1055 2432 ipsis
1069 2382 1202 2418 summam
1217 2370 1312 2418 incon-

225 2460 358 2510 seuesque
380 2446 497 2496 caelibes
517 2452 544 2496 et
565 2447 646 2496 orbos
669 2448 747 2497 donis
786 2451 912 2500 stantiam
932 2449 1083 2511 mentisque
1100 2448 1312 2497 mutabilitatem

224 2525 300 2589 parvi
320 2525 408 2588 pretii,
428 2525 475 2574 sed
493 2525 583 2587 palato
605 2527 698 2586 gratis,
719 2531 747 2574 ut
786 2533 966 2578 monstrant.»
987 2553 1018 2563 -
1034 2523 1156 2590 possunt]
1167 2533 1313 2589 possuntne

224 2604 345 2654 cnsstnlis
370 2602 463 2666 (opere
482 2601 626 2666 dulciario)
654 2611 681 2655 et
699 2619 748 2667 po·
786 2606 1009 2657 Lambessssdd.
1036 2605 1134 2655 Melius
1150 2619 1216 2654 sane
1234 2607 1312 2655 abest

222 2685 272 2752 ntis
297 2679 430 2744 (ninnium
451 2683 578 2732 arborum
604 2683 745 2742 fructibus,
787 2684 918 2749 particula
947 2698 996 2740 nc,
1032 2697 1095 2752 cum
1127 2685 1311 2747 requireretur

224 2762 271 2824 qui
301 2761 411 2822 pulpam
436 2757 549 2823 babent)
578 2761 747 2811 alliciebant.
784 2779 863 2822 nom‚·
884 2763 1060 2813 etrectesine
1076 2764 1207 2826 interrog.
1229 2763 1311 2826 parti·

223 2863 257 2878 ι-
275 2834 419 2900 occipiunt]
439 2840 552 2888 verbum
566 2841 745 2900 senatorium,
786 2843 847 2891 cula
869 2843 950 2891 omne
971 2843 1097 2901 dubium,
1117 2841 1191 2902 lore,
1212 2848 1240 2891 ut
1259 2841 1312 2890 nll-

223 2915 275 2965 0d.
295 2916 326 2976 3,
352 2916 400 2976 12,
426 2916 469 2964 12.
498 2917 615 2979 cecinere
640 2932 745 2981 opium,
786 2921 845 2984 quis
856 2920 1032 2982 respondent:
1049 2922 1308 2983 nimmcpossuntro

223 2991 409 3054 ἐκδέχεσθαι,
426 2993 602 3058 obsnnpen.
625 3022 654 3032 -
675 2998 747 3046 vioc-
786 2999 947 3049 excluditur.
964 3024 994 3034 ·-
1008 2997 1114 3061 durare]
1126 3001 1306 3059 «sustineren

224 3069 285 3134 rin]
311 3073 481 3136 receptacula
507 3074 548 3124 vel
567 3080 674 3138 saepta,
701 3077 747 3126 ubi
786 3093 817 3128 es
836 3092 887 3128 usu
903 3079 976 3128 baud
995 3079 1076 3127 nimis
1089 3093 1162 3128 raro.
1183 3079 1246 3128 Ter.
1256 3079 1308 3127 Ad.

223 3155 366 3202 servantur
384 3158 410 3202 et
429 3153 588 3214 saginantur
600 3155 689 3204 omnis
703 3169 747 3217 ge·
784 3157 812 3218 lt,
832 3158 858 3217 2,
880 3157 927 3207 15:
956 3158 1014 3208 Non
1038 3158 1120 3214 berete
1143 3159 1183 3206 bic
1208 3159 1311 3221 quidem

222 3231 298 3280 neris
312 3231 441 3281 animalia
454 3232 526 3292 vira,
546 3233 662 3296 lepores,
676 3235 746 3297 apri,
785 3239 882 3286 durare
898 3237 1045 3300 qumquam,
1063 3237 1086 3285 ei
1102 3237 1139 3285 stc
1156 3237 1195 3301 fit,
1210 3242 1309 3298 potest.

221 3311 320 3372 glires,
344 3323 419 3371 ares,
441 3311 541 3375 pisces,
563 3319 662 3363 ostrea.
690 3313 746 3365 Cir.
786 3315 907 3378 Propert.
928 3315 961 3374 1,
980 3314 1013 3370 8,
1034 3315 1084 3364 11:
1115 3315 1163 3363 ilis
1186 3328 1232 3377 epo
1256 3327 1311 3363 non

222 3389 279 3440 Sat.
299 3389 332 3450 2,
347 3389 373 3450 5,
393 3389 437 3440 tt.
463 3391 534 3440 hand
553 3391 639 3442 inulto
661 3393 748 3443 diver·
786 3395 878 3442 boram
892 3406 1000 3455 possum
1019 3393 1116 3442 durorc
1134 3393 1253 3456 querelis.

223 3483 281 3518 sam
309 3468 472 3531 imaginem:
501 3473 746 3522 niano-crassam.
821 3470 944 3520 83-86.
981 3469 1065 3534 Botis]
1086 3471 1251 3535 Campaniae
1264 3485 1310 3534 op-

222 3547 269 3597 list
295 3547 392 3608 igiturr
425 3561 558 3610 «quorum
584 3549 748 3601 hereditates
787 3551 850 3613 pido
874 3549 945 3598 inter
967 3541 1103 3600 Misenum
1124 3554 1151 3600 et
1171 3549 1308 3600 Puteolos.

222 3625 372 3689 aliqnando
392 3625 550 3678 devorent.»
586 3653 617 3664 —
649 3630 747 3678 occsslto
789 3623 914 3688 -sinns]
930 3627 1021 3686 maris,
1036 3625 1234 3690 significatione
1250 3641 1310 3692 pro·

220 3717 284 3753 onor
292 3700 317 3765 c]
339 3703 424 3754 ndum
442 3705 514 3756 uiros
533 3706 618 3758 bonos
636 3719 665 3756 se
687 3706 747 3756 'esse
777 3706 862 3770 pria,
882 3707 961 3770 ¹quusi
986 3707 1111 3757 dixisset:
1141 3707 1250 3756 «nullus
1270 3712 1311 3756 est

219 3780 375 3850 stimulant,
395 3782 565 3846 illegitimum
582 3783 661 3835 lenus
678 3785 748 3834 clam
787 3787 863 3835 sinus
876 3786 949 3847 prior
962 3786 1096 3845 Baiancpr
1116 3799 1187 3836 non:
1209 3798 1310 3847 sangu-

222 3866 361 3921 eserccnt,
382 3863 480 3924 partim
492 3863 585 3911 maius
603 3877 685 3926 quam
700 3877 749 3913 un·
786 3866 839 3920 lus,
855 3865 1084 3928 receptaculum.»
1098 3887 1131 3902 -
1144 3861 1225 3926 dioec]
1247 3865 1310 3928 oqui

221 3941 336 3992 clarium
363 3937 413 4003 (12
438 3937 615 4004 Procent'),
650 3944 748 4006 purtim
788 3947 897 4006 propter
931 3944 1098 4005 opulentiam
1135 3945 1310 4006 repentinum

200 4019 452 4080 .sdrcrsuslcgem
465 4019 628 4070 Plaetorium
643 4023 745 4073 eredita
787 4021 932 4072 consilinm
954 4023 1011 4072 illic
1037 4022 1198 4073 aedificandi
1220 4023 1310 4072 statim

223 4098 339 4162 pecunia
360 4097 578 4150 adolescentibus
595 4097 676 4153 XXV.
697 4113 745 4152 sn-
788 4101 898 4165 exseqni
914 4106 1029 4165 potest.»
1059 4127 1087 4140 -·
1116 4097 1198 4164 meos]
1218 4101 1310 4152 Lucri·

1326 3751 1330 3758 ,
