2888 4810
508 326 574 377 us.
592 329 628 378 tt.
669 329 774 378 ”ms
796 331 816 376 l·

480 575 512 630 B
527 573 563 628 X
579 573 609 630 (3
624 574 654 630 U
668 575 706 630 B
720 574 744 630 S
759 575 827 640 118

411 703 458 753 an
477 703 550 753 err.
572 703 609 753 11.
630 704 656 755 ι.
677 718 702 754 v.
724 671 888 754 iro-tro]

153 829 301 880 invenisse
326 829 393 880 mibi
420 830 514 880 videor
539 830 566 882 in
589 829 631 880 bis
653 829 794 886 versiculis
812 829 1192 899 ricemeremtcsttrttatem,

104 914 272 974 anemius,
304 915 376 977 quod
395 913 500 974 sciam,
529 913 618 963 adbuc
636 914 866 964 animadversam,
912 912 966 980 Cur
989 915 1047 978 ipse
1067 915 1194 975 Horatius

105 995 233 1048 Plautum
248 999 322 1048 band
336 999 416 1048 nimis
430 997 578 1058 admirstps
592 999 640 1058 sit,
658 999 697 1047 sic
709 999 774 1048 satis
788 1004 860 1048 recte
873 999 995 1061 exposuit
1009 999 1061 1048 iam
1074 999 1195 1047 Klotzius

104 1081 186 1132 Lecti.
208 1081 281 1131 Ven.
302 1096 329 1145 p.
348 1081 430 1132 its:
459 1081 553 1144 ‹rQnod
581 1081 854 1146 Plautinosieporsr
879 1095 935 1132 nou
953 1083 1048 1146 probat
1067 1082 1195 1132 Horatius

106 1163 147 1228 (d.
167 1164 198 1215 P.
220 1181 248 1216 v.
269 1162 361 1228 iic),
390 1179 445 1216 nou
470 1167 564 1222 miror.
590 1166 676 1216 Credo
696 1180 751 1216 noa
770 1167 878 1230 probari
898 1180 944 1216 eos
964 1167 1082 1231 potuisse
1101 1181 1134 1216 co
1153 1179 1194 1216 se·

105 1249 182 1311 culo,
212 1263 270 1313 quo
289 1255 328 1300 tol
347 1251 485 1312 elegantes
505 1251 611 1301 venusti
633 1251 763 1314 potitique
783 1251 907 1305 homines
928 1251 1069 1311 vivebant,
1090 1250 1194 1300 neceb

106 1345 153 1392 ec,
185 1335 252 1397 qui,
286 1335 343 1384 sive
367 1334 438 1397 qnod
462 1335 576 1396 Augusti
596 1331 729 1384 dictorum
750 1333 866 1384 manime
885 1335 975 1398 cupidi
993 1336 1098 1385 amicus
1118 1337 1192 1394 erat,

104 1417 159 1466 sive
176 1418 252 1480 qnod
272 1417 440 1480 elegantiore
459 1431 526 1468 aevo
547 1423 642 1480 uetus,
662 1418 875 1482 elegantioribus
888 1420 970 1468 etiam
984 1419 1050 1468 iocis
1064 1419 1194 1468 delectari

105 1500 220 1552 volebat.
260 1501 349 1552 Plauti
368 1515 433 1552 vero
452 1502 575 1566 lepores,
596 1516 650 1552 non
670 1503 758 1553 dicam
772 1516 884 1559 omnes,
904 1503 950 1553 sed
966 1503 1076 1566 plurimi
1090 1509 1192 1558 temen.

106 1582 210 1634 lucilius
239 1586 390 1650 populum,
423 1585 646 1646 multitudinem,
680 1575 868 1636 mulierculas'
886 1587 1079 1646 oblectabant,
1111 1599 1192 1649 quam

106 1666 174 1718 viros
200 1669 298 1720 doctos
324 1677 387 1721 vere
414 1671 533 1721 urbanos
560 1671 667 1732 lepores
690 1675 888 1733 exspectantes.
939 1670 996 1720 lilis
1021 1671 1103 1732 igitur
1127 1670 1193 1730 dum

108 1751 236 1804 inservire
267 1754 341 1816 cupit
364 1753 492 1820 Comicus
509 1789 516 1814 ‚
531 1791 534 1800 ,
549 1755 614 1806 dunt
639 1755 850 1804 inverecundius
880 1755 966 1804 risum
988 1751 1097 1828 captat,
1128 1754 1201 1804 dnm,

108 1827 295 1892 immodestior
323 1837 433 1902 proinso
459 1839 566 1888 incendi
592 1845 694 1900 genere
719 1840 820 1898 utitur,
848 1851 900 1889 nec
915 1839 1000 1890 'vitate
1019 1851 1082 1888 cum
1101 1851 1194 1888 rerum

108 1923 160 1968 tum
180 1923 329 1971 verborum
349 1922 515 1985 turpitudine
534 1927 560 1971 et
577 1923 780 1982 obscoenitate,
808 1929 837 1974 ut
856 1923 965 1972 tandem
985 1923 1093 1982 dicam,
1121 1921 1194 1985 qnod

108 2005 217 2054 reticere
244 2005 347 2056 diutius
373 2019 429 2056 nnn
454 2019 581 2068 possum,
609 2007 674 2056 dum
696 2019 818 2057 scurram
838 2007 894 2068 egit
912 2019 993 2070 saepe
1012 2005 1193 2066 illiberalem,

109 2093 228 2150 expertes
248 2094 291 2140 est
312 2090 387 2146 iere,
415 2089 487 2153 qnod
510 2095 552 2140 est
578 2089 607 2139 ln
633 2082 796 2166 proverbior
824 2089 951 2154 Πολλοῖς
972 2084 1112 2163 cipeertew'
1131 2088 1194 2140 ieri
1234 2137 1240 2146 ,

109 2177 212 2236 σοφοῖς
230 2169 442 2245 ἀπαρέσκειν.»
662 2163 665 2170 ’
1188 2179 1191 2188 ’

122 2259 125 2272 ’
156 2255 260 2308 Verum
279 2269 343 2311 ecee
362 2258 507 2308 Suetonius
526 2256 586 2308 Oct.
600 2257 650 2308 892
670 2258 809 2322 deportes,
830 2257 934 2321 inquit,
951 2257 1032 2320 plone
1040 2265 1194 2322 poematum

110 2350 203 2404 euenor
229 2355 287 2392 non
311 2341 465 2404 imperitus,
497 2341 674 2392 delectabatur
699 2342 778 2391 etiam
804 2341 937 2390 comoedia
963 2343 1044 2391 ceteri
1068 2348 1094 2391 et
1117 2355 1194 2405 saepe

110 2435 162 2472 com
180 2425 299 2475 enbibuit
316 2423 427 2491 publicis
444 2425 606 2488 spectaculis.
644 2423 806 2475 Tacentibus
829 2424 945 2483 celeris,
965 2438 1033 2487 quos
1059 2425 1133 2486 vidi,
1155 2427 1195 2475 in·

111 2509 288 2580 terpretibus,
318 2509 494 2560 Gasaubouns
520 2514 547 2558 et
570 2509 749 2560 Ruhnkenius
772 2522 867 2558 secure
890 2513 1029 2577 exponunt
1050 2509 1083 2558 de
1103 2509 1192 2571 prisca

111 2587 245 2644 comoedia
266 2592 373 2654 Atticm
403 2591 450 2644 sed
470 2607 562 2642 noune
582 2594 633 2643 boc
652 2607 762 2656 prorsus
781 2590 941 2642 incredibile
961 2598 1001 2641 est
1020 2591 1120 2642 Romee
1139 2591 1194 2641 Au·

112 2676 176 2734 susti
189 2682 279 2728 seinte
287 2677 400 2738 Cratini,
416 2677 566 2741 Eupolidis,
582 2676 771 2740 Aristophanis
785 2663 889 2728 inbnles
903 2677 1019 2739 publicis
1032 2675 1194 2754 spectaculis

94 2745 208 2824 'saepe
227 2762 362 2815 exhibitas
382 2763 462 2820 essct
493 2762 609 2824 Qualem
628 2764 722 2822 enim,
742 2775 861 2824 quaeso,
883 2761 1091 2832 delectationem
1109 2773 1140 2810 er
1160 2770 1214 2810 eo‘

113 2854 206 2904 genere
225 2847 351 2912 quamvls
369 2852 395 2896 et
412 2847 510 2911 prendi
528 2853 552 2896 et
570 2847 683 2910 elesponti
702 2853 726 2896 et
739 2852 845 2896 ccctrsio
865 2843 1006 2909 (Quinctil.
1027 2847 1069 2906 10,
1090 2846 1116 2904 1,
1135 2840 1193 2908 65.)

113 2925 544 2996 haurire,potuissetpiebeculo,
576 2931 619 2978 cui
640 2929 682 2980 vel
702 2943 717 2980 a
737 2930 859 2993 principe
889 2930 1092 2980 inserviendum
1116 2929 1195 2981 erati

114 3009 194 3073 Quid,
221 3015 297 3078 quod
315 3015 380 3087 viris
401 3014 513 3064 eruditis
536 3014 691 3074 dumtaxat,
720 3015 766 3077 qui
790 3015 886 3064 crebro
910 3019 992 3077 etque
1016 3019 1143 3064 accurate
1159 3017 1194 3075 ,et

115 3091 170 3144 illos
193 3103 220 3148 et
244 3097 363 3150 Graecos
386 3111 481 3149 eorum
506 3099 666 3160 interpretes
695 3098 891 3160 perlegissent,
920 3098 947 3146 in
972 3111 1084 3148 sconem
1103 3099 1194 3148 donno

114 3180 229 3238 producti
251 3181 358 3245 placere
378 3183 524 3244 poterent?
545 3181 678 3244 Quocirca
697 3194 749 3242 ego
767 3181 895 3242 equidem
914 3181 1078 3242 interpretur
1096 3181 1132 3230 de
1149 3194 1195 3230 ve·

114 3263 167 3312 iere
182 3255 326 3316 comoedis
350 3266 463 3327 Latina,
497 3265 647 3328 inprimis
673 3264 773 3314 isbulls
797 3263 884 3314 Plauti
910 3270 937 3313 nt
961 3263 1073 3313 Caecilii
1097 3263 1195 3324 Statii,

115 3343 222 3399 iorusse
240 3351 324 3400 etiem
342 3348 420 3399 Attae
438 3355 465 3400 et
482 3349 633 3408 Dossenni,
659 3361 727 3412 quos
747 3349 775 3398 in
793 3349 845 3397 bec
863 3347 978 3410 epistole
997 3347 1099 3411 carpit,
1125 3348 1196 3398 edeu

115 3433 142 3476 ul
158 3431 285 3483 lloratius
303 3433 348 3483 iiic
371 3433 466 3484 iestlve
489 3433 594 3483 locatus
617 3433 651 3483 sit
674 3445 735 3482 cum
759 3433 882 3494 ¹Augusto
905 3433 1002 3480 borum
1026 3431 1194 3480 comicorum

106 3517 248 3579 amatore,
268 3503 358 3567 certus
377 3518 490 3568 omnino
502 3517 585 3576 ‘lore‚
606 3523 636 3566 nt
655 3519 780 3582 princeps
799 3517 874 3579 ipse',
894 3517 944 3564 hos
963 3514 1112 3566 versiculos
1132 3527 1194 3564 eum

115 3593 228 3664 legeret,
257 3601 427 3662 subrideret,
453 3601 610 3651 amicissimi
634 3603 729 3664 poiitse
749 3600 1084 3658 circumsedentium,
1111 3611 1194 3662 otram

117 3690 145 3728 er
162 3684 303 3749 colloquiis
322 3689 384 3736 cum
404 3699 436 3737 eo
456 3686 553 3736 habitis
573 3687 685 3749 pulchre
706 3688 759 3736 iarn
783 3689 913 3744 noverat,
944 3685 1107 3733 bic'rursns
1135 3694 1195 3746 pro-

119 3767 225 3824 positam
253 3772 359 3822 videns.
409 3763 452 3822 Sic
479 3773 538 3821 siue
562 3771 618 3820 ulla
646 3769 796 3820 offensione
824 3767 879 3818 Sol.
907 3768 940 3828 i,
969 3768 1060 3825 ΒΛ.
1089 3768 1194 3818 urbane

118 3849 220 3905 vellicat
238 3855 382 3906 Caesarem
402 3869 497 3912 suum.
517 3861 609 3918 utpote
628 3856 673 3918 qui
693 3854 777 3904 nimis
787 3853 921 3923 patienter
933 3851 1056 3918 Tigellii,
1077 3850 1194 3904 centoris
1250 3915 1257 3918 η

119 3939 213 3988 morosi
231 3946 311 4006 atquo
330 3936 497 4006 arro'gantis',
518 3939 713 4003 impudentiam
731 3938 797 3989 olim
817 3939 931 3988 tulisset.

551 4149 758 4167 -ι-ι-μ-ι-
