2842 4808
509 303 578 350 aas
599 303 755 350 uomica,
1093 276 1175 348 doti

89 446 131 510 in
153 445 289 529 puteum
312 443 501 528 lovcamve,
523 442 612 529 iicet,
634 437 841 527 succurrite,
863 441 999 531 tongum

90 559 231 651 Clamet,
252 541 427 630 locivcs!
449 581 517 627 non
540 563 601 645 sit,
626 565 680 648 qui
704 565 823 628 tollere
847 566 953 628 curet.
1116 555 1179 620 160

89 681 130 753 Si
154 687 250 751 curet
273 686 347 769 quis
370 701 464 768 opem
488 684 578 748 terre
602 686 637 748 ct
659 682 833 748 demittere
856 684 978 769 funem,

90 804 157 889 Qui
177 807 257 885 scis,
281 821 325 869 sn
347 803 495 889 prudens
518 803 583 868 buc
606 823 644 870 se
667 807 848 889 proiecerit
874 809 976 890 utque
1074 821 1079 830 ·

89 923 231 994 Servari
252 915 363 990 nelli?
381 924 513 1010 dicem,
535 922 706 1010 Siculique
731 929 853 1010 potitae

89 1047 246 1114 Narrabo
269 1047 447 1110 interitum.
491 1045 584 1111 Deus
606 1047 799 1110 immortalis
820 1045 936 1110 haberi

90 1168 177 1233 Dum
203 1169 297 1252 cupit
318 1165 550 1251 Empedocles,
574 1165 746 1232 ardentem
770 1165 914 1254 frigidus
932 1166 1076 1232 Aetnam
1114 1161 1175 1224 465

91 1289 235 1354 Insiluit.
277 1283 332 1355 sn
357 1289 409 1352 ius
429 1288 595 1372 liceatque
619 1289 730 1372 perire
751 1271 900 1373 poetis3'

145 1439 167 1490 i.
203 1451 231 1489 r.
250 1435 314 1488 scu.
341 1439 543 1491 stutueureut
561 1437 589 1492 S.
625 1453 662 1500 ι.
686 1437 748 1489 tui.
774 1425 905 1490 dimittere
928 1437 1014 1490 bSTc.
1059 1453 1085 1490 r.
1113 1397 1176 1490 461.

91 1509 211 1562 deiecerat
229 1508 278 1560 Tc.

132 1593 170 1643 11.
207 1605 234 1643 ι.
254 1591 316 1641 itii.
336 1590 365 1642 st
382 1593 440 1656 puis
458 1597 530 1676 uerat
548 1590 602 1643 GT.
639 1607 666 1644 ι.
685 1592 747 1642 461.
767 1591 885 1642 deiecerit
903 1590 978 1643 LCT.

91 1718 229 1781 lapidibus
245 1715 416 1780 fustibusque
437 1729 453 1766 a
474 1729 503 1767 se
524 1716 616 1780 obige-
654 1716 733 1768 ltlost.
754 1683 890 1779 1‚'1,55.
910 1716 1084 1767 Hand'lors.
1106 1717 1128 1767 l.
1148 1731 1175 1782 p.

92 1796 169 1847 bant.
618 1841 621 1846 ,
654 1795 705 1846 305
722 1799 748 1844 et
769 1795 831 1846 306.
854 1796 987 1846 -uldeo
1004 1798 1048 1848 bic
1074 1796 1190 1859 preste,

128 1872 277 1924 ebt-adu.
297 1868 424 1934 sublimis]
441 1869 614 1944 «μετέωρος,
654 1875 770 1922 rendum
788 1875 947 1935 protereret,
967 1875 1030 1937 quia
1050 1875 1179 1936 prolicere

92 1951 167 2003 elato
184 1956 211 2001 et
223 1955 382 2002 retrotreete
401 1951 489 2014 capite
501 1949 616 2000 circum·
654 1955 780 2012 culmum,
799 1954 927 2014 prolicere
946 1965 982 2013 se,
1001 1966 1072 2016 qnae
1089 1953 1117 2001 in
1131 1953 1179 2002 bo·
1262 1963 1265 1968 ·

92 2043 207 2081 cursone
226 2043 281 2079 non
304 2029 363 2078 sine
387 2029 543 2092 arrogantia
565 2033 616 2078 be·
655 2031 697 2080 uis
719 2031 896 2094 scriptoribus
922 2044 1004 2093 saepe
1020 2035 1176 2088 occurrunt,
1209 2063 1211 2070 ι

93 2122 147 2174 qne
176 2113 295 2166 attentus
325 2109 358 2158 ad
386 2121 436 2171 ea,
469 2120 539 2172 qnae
565 2107 616 2158 sui
644 2110 755 2172 ubique
772 2109 874 2158 habent
887 2109 1113 2170 significationem
1133 2121 1179 2160 vo·

92 2190 152 2238 eius
174 2189 289 2250 pedibus
311 2191 410 2236 suut-u.
430 2187 484 2236 iiii
504 2199 554 2250 pro
573 2199 614 2236 ac-
654 2188 765 2237 luntarii
788 2188 953 2236 discriminis
979 2193 1060 2250 atque
1084 2189 1118 2237 de
1144 2199 1177 2236 eo

93 2279 152 2316 eus.
173 2267 244 2329 plur.
268 2266 435 2316 babuerunt:
462 2267 553 2315 minus
575 2276 616 2314 re·
654 2267 799 2325 dicuutur,
832 2266 878 2328 qui
909 2266 1012 2317 serrari
1039 2265 1109 2316 nolit
1128 2252 1176 2316 aut

92 2350 146 2407 oie,
166 2359 230 2394 nam
248 2349 318 2394 esset
336 2345 472 2414 εἰρωνεία
485 2342 616 2393 anbrosii·
654 2346 806 2408 desperet.»
826 2343 932 2396 Bunrn'.

93 2436 136 2486 ca,
157 2430 184 2473 et
199 2435 329 2472 caesurae
351 2423 391 2473 ris
406 2423 507 2474 obstat.
523 2445 552 2457 -
573 2435 616 2471 ru·
686 2453 689 2458 ι

92 2499 197 2565 ututur]
220 2514 330 2551 «uersus
356 2505 383 2550 et
410 2502 564 2552 inconditos
590 2505 617 2551 ct
687 2501 839 2553 soc-ttis.
883 2497 1024 2564 Siculique]
1046 2499 1095 2550 ulit
1114 2501 1178 2564 qul-

93 2584 206 2632 insanos
224 2579 339 2630 edulii.»
360 2605 390 2616 -
412 2577 497 2641 erret]
518 2580 617 2628 ‹duno-
654 2583 716 2632 dem
725 2582 787 2632 talis
797 2579 1081 2643 insanieeexerbpinm
1091 2579 1178 2629 omul-

93 2674 140 2712 sos
166 2673 216 2725 pcr
242 2671 353 2721 campos
377 2663 404 2708 st
423 2659 508 2710 colles
531 2671 617 2720 vaga·
655 2663 705 2712 bus
723 2666 816 2712 notum
832 2666 889 2716 est,
912 2659 1082 2722 Empedoclis
1100 2659 1179 2720 Agri·

91 2747 165 2791 tor.»
199 2763 228 2774 -
250 2733 366 2800 auceps]
395 2736 499 2790 similis
532 2741 617 2787 exstat
654 2741 776 2804 gemitui,
797 2741 925 2802 inquam,
946 2737 1178 2801 potitaepbiloso·

93 2817 298 2869 narratiuncula
332 2816 367 2865 de
398 2815 511 2866 Tbalete
541 2816 613 2879 apud
655 2812 720 2883 pir‘i',
741 2818 970 2868 cuiuslnicriinm
988 2829 1100 2866 narrare
1114 2815 1174 2878 pia-

93 2898 167 2948 Plat.
189 2897 216 2946 in
235 2896 382 2946 Theaeteto
402 2909 430 2958 p.
450 2896 510 2945 174.
534 2895 567 2946 ri.
591 2900 617 2944 et
655 2905 725 2948 cetu
747 2899 821 2947 luter
840 2897 1019 2960 multiplicem
1031 2893 1177 2956 lamam'dc

93 2977 175 3038 chg.
199 2975 291 3024 Le'crt.
314 2976 339 3035 1,
358 2973 403 3024 ab.
433 2997 464 3010 ·-
491 2973 614 3038 tropum]
656 2977 729 3026 illins
754 2977 824 3026 exitu
846 2978 913 3026 hacc
933 2973 1178 3039 quoquetradeba·

95 3055 176 3104 iliad.
194 3069 228 3118 γ,
248 3053 300 3100 812
320 3050 437 3120 μακρὸν
459 3046 563 3103 ἄϋσεν.
585 3075 616 3088 -
655 3050 712 3113 tur,
737 3055 829 3104 addita
851 3053 1075 3113 narratiuncula,
1096 3065 1179 3102 unam

93 3126 215 3194 leuues]
235 3129 618 3193 Similistermntaopemin·
655 3149 687 3185 er
713 3133 771 3181 eius
799 3133 916 3196 crepidis
948 3131 1036 3181 aereis
1057 3131 1082 3181 ri
1104 3129 1180 3180 flam·

94 3211 213 3265 vouandl
230 3209 368 3258 441ΡοΗο
380 3210 505 3270 Qutmet·
521 3235 553 3246 -’
564 3222 618 3258 tion
656 3227 716 3264 mae
727 3225 819 3262 rursus
830 3213 945 3263 eiectam
959 3225 1019 3260 esse
1033 3224 1063 3260 cx
1074 3210 1178 3258 Aetnae

94 3287 148 3353 stt]
168 3289 328 3351 imperative
349 3277 378 3336 ut
398 3288 453 3338 sat.
472 3287 498 3348 1,
517 3288 544 3344 5.
563 3289 615 3338 91²
656 3300 770 3343 cratere.
802 3291 880 3352 lliog.
908 3291 996 3340 Latrt.
1020 3289 1054 3349 s,
1074 3289 1119 3338 cti.
1146 3311 1178 3324 -

94 3371 154 3422 Nou
175 3371 254 3418 ettam
274 3367 362 3415 etuas.
392 3367 443 3422 Ne,
472 3367 544 3430 qood
569 3379 618 3416 suo
655 3367 777 3436 tripedes]
797 3384 851 3432 quo
868 3365 1011 3434 dorabecq)
1031 3383 1058 3418 v.
1084 3367 1178 3416 orden·

95 3451 155 3499 lere
176 3445 313 3497 substituit
334 3444 459 3506 Schelle,
483 3447 508 3494 si
533 3447 619 3494 llora-
657 3458 706 3501 sem
734 3454 808 3499 notat
832 3447 904 3495 illius
927 3447 1079 3495 stultitiam.
1109 3445 1179 3495 blire

95 3528 147 3577 iliis
170 3525 403 3588 icrlpssimlfih
423 3537 542 3587 unquam
561 3537 617 3572 mit·
657 3531 690 3580 ad
727 3529 787 3577 elus
826 3525 978 3575 doctrinam
1012 3525 1064 3574 boc
1097 3523 1181 3572 retent

95 3611 181 3656 tatum
203 3611 285 3655 esset.
315 3627 346 3640 -
374 3603 425 3665 Qut
443 3601 509 3665 scis]
531 3603 619 3664 quo·
657 3609 748 3658 Cosiri.
777 3604 847 3655 Cre:
880 3604 1076 3665 ‹tlimpedocles
1105 3601 1179 3650 enim

95 3683 178 3734 medo
195 3683 269 3738 sels,
296 3695 331 3731 au
357 3687 452 3732 contra
484 3694 565 3744 quam
589 3687 618 3731 tu
657 3688 764 3737 dicebat
800 3684 911 3750 ingenia
947 3681 1046 3743 frigido
1076 3681 1179 3728 circum

95 3762 229 3826 opinaris,
249 3760 375 3810 wnsolto
395 3773 424 3808 se
443 3760 619 3822 praecipitem
658 3763 815 3829 praecordia
829 3775 932 3822 saugue
949 3760 1102 3822 impediri.»
1122 3757 1177 3808 Cir.

96 3842 125 3890 in
137 3847 250 3904 puteum
262 3839 428 3903 proieceritt
447 3839 518 3901 quod
532 3839 621 3889 cousi·
658 3845 752 3908 Heyne
777 3842 810 3892 ad
831 3841 906 3901 virg.
933 3839 983 3888 tie.
1008 3839 1043 3896 2,
1062 3835 1126 3886 484.
1145 3861 1180 3870 -·

95 3919 164 3968 lium
178 3917 311 3981 impedire
331 3929 385 3967 uon
406 3917 499 3966 licet.»
520 3917 552 3966 ln
570 3917 619 3967 hn-
658 3921 698 3970 sit
718 3917 773 3984 tus]
801 3927 864 3970 κατ’
887 3917 1049 3989 εἰρωνείαν.
1086 3913 1180 3976 «Quo-

95 3999 214 4049 insmodl
232 3997 461 4060 propositionibus
486 4009 535 4046 nos
557 4008 620 4046 cou-
658 3999 732 4050 niam
761 3997 924 4056 insaniunt,
954 3996 1005 4044 boc
1030 3994 1089 4042 iure
1114 4005 1181 4042 sane

96 4079 228 4130 vertimus
253 4091 286 4127 ac
310 4078 332 4128 si
350 4080 423 4126 essct
446 4089 482 4124 au
500 4087 564 4135 uon,
584 4075 620 4125 eb
658 4071 1181 4137 sintucei.GesneruscompuratSpar·
1289 4085 1290 4090 ¹

95 4158 196 4208 utrbt·
218 4154 273 4208 Cir.
297 4155 348 4207 od.
373 4153 509 4216 2,4,13.
530 4153 618 4204 l’lsut.
659 4160 786 4206 tenorum
796 4155 951 4205 decretum:
970 4150 1181 4216 Κλαζομενίοις
