2822 4794
230 248 284 322 46
593 272 730 319 nonnrn
753 270 955 323 snrrnnnun
1013 337 1017 342 Ι

226 412 368 480 Parcius
389 412 443 479 hic
464 413 565 478 vivit:
588 411 679 502 frugi
701 411 843 485 dicatur.
887 413 1029 498 ineptus

226 534 272 600 Et
294 535 473 600 iactantior
493 533 547 600 hic
571 535 682 626 paullo
705 536 772 600 est:
795 535 981 601 concinnus
1000 533 1114 602 amicis
1271 527 1314 588 5⁰

227 655 382 722 Postulat
405 661 441 720 ut
465 655 644 745 videatur.
673 654 795 721 Atesi
819 657 1040 728 truculentior
1061 659 1162 744 atque
1224 739 1226 744 ι

227 777 310 843 Plus
331 797 438 864 aequo
459 777 559 844 liber:
582 778 723 862 simplex
744 777 908 864 fortisque
930 775 1104 863 habeatur.
1146 747 1152 763 .

227 893 363 966 caldior
384 902 456 966 est:
478 898 577 966 acres
598 900 687 966 inter
709 903 912 969 numeretur,
955 895 1103 984 0pinor.

227 1022 322 1108 Haec
343 1041 400 1087 res
422 997 604 1114 etiungit,
625 1021 759 1088 iunctos
781 1023 815 1085 et
837 993 954 1092 servat
975 1023 1109 1088 amicos.

227 1145 276 1211 At
299 1165 361 1210 nos
382 1147 527 1210 virtutes
549 1147 642 1232 ipsas
664 1146 860 1218 invertimus
881 1145 983 1226 atque
1271 1136 1311 1205 ⁵5

226 1263 401 1336 Sincerum
425 1268 576 1353 cupimus
597 1285 660 1340 vas
681 1267 879 1335 incrustare.
904 1241 1054 1332 ¹Probus
1077 1266 1162 1352 quis

204 1487 207 1494 '
280 1479 303 1531 1.
340 1495 367 1534 r.
386 1479 430 1532 5³.
451 1481 520 1531 amis
538 1493 563 1531 o.

128 1643 130 1648 ’
227 1643 296 1694 ttnm
311 1641 497 1706 Romanarum
518 1644 584 1695 ortis
602 1644 697 1709 utique
716 1656 765 1695 ox·
789 1645 829 1694 oio
845 1638 929 1709 (vino
947 1636 1118 1704 acidissimo)
1135 1640 1257 1706 *caedique
1278 1641 1315 1692 ot-

226 1722 381 1774 huiusmodi
391 1725 462 1776 vitiis
476 1729 598 1776 utuntur.
615 1747 644 1760 -·
663 1721 749 1789 [rupi]
789 1725 873 1774 betur.
884 1722 953 1774 Alii:
967 1722 1095 1773 «tectorio
1105 1721 1206 1784 aliquo,
1218 1735 1312 1785 gypso,
1403 1733 1404 1750 ¹

225 1802 313 1852 Plaut.
335 1803 412 1853 Asin.
431 1806 464 1860 1.
486 1804 519 1864 3,
541 1803 593 1854 23:
624 1817 752 1868 nusquam
790 1804 866 1866 pice,
889 1808 985 1866 stuppa
1007 1802 1170 1850 obducere.»
1192 1825 1220 1836 -
1250 1800 1315 1850 Pro·

225 1883 351 1944 scriptum
367 1885 606 1946 computaretis,
629 1883 751 1947 Uotieno
789 1879 851 1945 tas]
878 1881 978 1930 Verum
999 1880 1145 1940 lectionem
1171 1891 1232 1928 eam
1254 1893 1315 1930 esse

226 1961 288 2011 deuo
311 1967 376 2026 aput
401 1977 458 2012 eum
483 1963 749 2026 quinamentorum,
790 1973 948 2021 censemus,
987 1973 1057 2024 quae
1082 1959 1180 2009 nostris
1205 1972 1314 2022 quoque

226 2053 292 2104 quoa
309 2041 381 2106 [rupi
394 2042 525 2097 esee'ooit,
547 2043 574 2090 id
587 2045 642 2104 est,
663 2054 751 2104 «quoe
790 2041 934 2091 codicibus
952 2039 1089 2098 firmatum
1111 2040 1191 2088 unice
1212 2030 1315 2088 rectem

226 2118 282 2169 suis
298 2121 448 2172 rationibus
467 2122 611 2172 consulit.»
649 2121 761 2179 Novius*
790 2120 1042 2184 interpretationem
1067 2117 1232 2196 hanezuSi
1254 2117 1315 2180 quis
1403 2177 1404 2180 Ἴ

221 2197 315 2248 Bothii
341 2214 368 2263 p.
390 2201 442 2250 50:
470 2199 553 2268 Spero
576 2215 632 2252 rem
655 2201 750 2265 faetet:
790 2201 890 2264 probus
927 2197 1091 2263 (modestus,
1128 2197 1315 2258 anspruch·
1403 2193 1404 2240 i

224 2277 296 2342 propi
317 2273 355 2328 e'st
374 2279 460 2329 domo.
482 2305 511 2315 —
532 2275 654 2344 Ineptus]
684 2293 752 2330 une·
789 2279 854 2345 ior)
879 2281 1021 2330 nobiscum
1042 2278 1122 2336 vivit,
1148 2277 1238 2327 stetim
1257 2291 1314 2326 nou

223 2359 345 2424 gotiosus
355 2359 468 2419 ardalio,
489 2359 534 2423 qui
548 2359 627 2413 nobis
638 2373 749 2423 operam
790 2363 848 2412 sine
859 2365 1025 2424 contemptu,
1041 2357 1167 2406 «muitum
1179 2351 1314 2414 immissus,

225 2449 303 2486 ruam
317 2439 425 2488 iactat.»
445 2437 541 2488 Cic.de
553 2438 598 2488 Or.
613 2440 640 2498 2,
654 2439 688 2489 d:
708 2441 752 2502 qui
789 2443 925 2502 abiectus,
945 2439 1039 2503 pusilli
1053 2438 1153 2487 animi»
1177 2431 1316 2506 (μικρούς

225 2524 272 2567 out
284 2523 385 2580 tompus
400 2519 469 2584 quod
477 2518 590 2580 postulet
603 2532 657 2567 uon
669 2519 749 2578 videt,
790 2519 841 2584 wig
860 2520 990 2588 γνώμας,
1000 2520 1051 2570 καὶ
1073 2512 1229 2577 ταπεινούς
1248 2515 1314 2564 tales

225 2603 272 2647 aut
292 2597 373 2666 ptura
391 2597 506 2661 loquitur
526 2605 574 2647 aut
594 2611 619 2647 so
638 2603 751 2648 ostentat
790 2605 868 2649 vocat
885 2599 998 2649 Luciam.
1018 2600 1051 2648 de
1070 2611 1154 2646 mero.
1174 2595 1255 2646 cond.
1274 2593 1313 2651 d..

224 2701 235 2712 -
246 2701 257 2711 -
270 2683 317 2724 aut
329 2677 439 2740 donique
450 2677 480 2725 iu
496 2678 585 2740 atiquo
596 2691 689 2740 pomero
703 2683 750 2726 aut
790 2693 839 2736 nos
851 2686 967 2744 corzopt,
984 2673 1132 2739 toletalum.)
1154 2673 1254 2724 «homo
1265 2679 1313 2732 est,

223 2755 394 2804 inconcinnus
412 2757 567 2809 autmuitus
584 2763 636 2814 est,
657 2757 679 2804 is
697 2757 751 2804 ioe-
790 2759 920 2814 dicimus;
953 2757 1079 2807 similiter
1099 2755 1121 2812 si
1144 2754 1204 2818 quis
1222 2753 1314 2815 paullo

222 2840 285 2896 ptus
309 2835 415 2883 dicitur.
442 2858 472 2868 -
499 2829 655 2896 concinnus]
686 2835 749 2900 oqui
790 2838 892 2892 tardior
905 2832 1162 2900 (pittopmutirotu
1170 2831 1182 2896 )
1201 2833 1314 2894 est,qui

224 2910 346 2962 officiosa
371 2912 513 2962 sedulitate
531 2919 557 2963 ot
575 2913 668 2976 lepore
690 2927 750 2962 sese
790 2931 845 2966 non
872 2917 1028 2966 acutissime
1055 2917 1196 2964 moveatur
1220 2908 1315 2976 (sensu
1403 2921 1404 2926 ’

225 2991 525 3042 amicisoommondare
545 2993 661 3042 studet.»
689 2992 751 3042 Noli
790 2997 916 3045 Tulliano
934 2995 1019 3044 Acod.
1039 2995 1064 3053 1,
1079 2993 1105 3044 9.
1120 2992 1153 3041 ad
1176 2992 1251 3040 Fam.
1271 2992 1314 3051 15,
1403 3027 1404 3060 3

225 3074 398 3118 construere:
427 3084 441 3116 o
450 3071 602 3119 concinnus
615 3071 748 3130 videatur,
789 3069 845 3136 21.)
867 3063 941 3123 illico
960 3075 985 3122 ei
1001 3074 1102 3136 pingue
1116 3071 1256 3134 ingenium
1271 3070 1315 3118 tri·

224 3154 254 3198 ut
274 3148 391 3211 postulat
408 3150 559 3200 concinnus
582 3149 697 3200 videri.»
719 3175 749 3184 -
790 3153 927 3202 donimus.»
974 3153 1035 3211 list,
1064 3151 1135 3219 quod
1157 3151 1216 3198 sine
1241 3147 1315 3197 suffi-

223 3223 348 3291 oimptcoe]
370 3227 751 3289 «apertusetnbomnimeu-
786 3232 878 3298 ¹ciente
905 3231 1064 3280 auctoritate
1091 3228 1314 3278 nonnulliinsc-

224 3305 302 3357 dacio
316 3305 422 3355 alienus
432 3321 462 3364 ;»
484 3321 556 3356 «non
566 3307 752 3361 dissimulator
790 3295 875 3369 runt.
888 3321 1120 3372 supervacaneum
1143 3307 1260 3358 videtur.
1283 3327 1306 3343 κ

224 3389 270 3438 aut
283 3389 449 3444 assentator,
471 3385 517 3435 'scd
529 3387 585 3449 qui,
606 3387 678 3450 quod
691 3401 751 3436 sen·
789 3383 937 3450 demissus]⁴
948 3388 1000 3449 Qui
1019 3388 1110 3436 minus
1128 3386 1263 3436 concinne
1276 3386 1315 3434 in·

163 3490 185 3517 ·,
224 3465 286 3525 tint,
307 3465 405 3514 dicat.»
425 3465 517 3517 Coum.
537 3465 624 3525 Cnuo.
642 3491 672 3501 -
693 3467 751 3516 Cat·
791 3471 989 3530 terpretnntur,
1022 3472 1052 3516 ut
1078 3467 1130 3516 hoc
1154 3478 1263 3528 quoque
1287 3465 1314 3513 in

223 3540 302 3604 dior]
323 3545 451 3608 hitzip,
472 3560 546 3601 acer,
565 3546 687 3611 ματίῃ.
790 3547 871 3597 laude
882 3547 961 3608 probi
979 3545 1052 3593 illius
1071 3549 1204 3607 ponatur,
1224 3557 1315 3608 repre-

259 3619 381 3672 stt-58.
409 3621 560 3686 sincerum]
581 3623 678 3674 «Adeo
692 3638 751 3688 per·
790 3626 886 3675 hensio
906 3631 996 3674 autem
1023 3623 1104 3672 huius
1121 3623 1200 3684 probi
1221 3637 1253 3672 ao
1274 3624 1315 3672 dc·

223 3701 295 3750 versi
310 3713 417 3762 sumus,
438 3707 504 3751 utet
520 3714 618 3764 purum
632 3716 679 3753 vus
693 3717 751 3752 cor·
788 3704 861 3752 missi
878 3703 942 3752 insit
963 3703 992 3750 in
1008 3716 1052 3752 vv.
1067 3699 1145 3749 tardo
1164 3705 1190 3750 et
1205 3701 1314 3766 pionpant,

224 3783 303 3841 rupto
321 3779 412 3842 aliquo
434 3781 539 3846 liquore
563 3782 676 3844 eiusque
697 3781 752 3830 iao·
789 3781 907 3832 afferunt
924 3780 1062 3831 Ciceronis
1079 3779 1164 3850 iocos.
1185 3781 1231 3829 ubi
1249 3793 1316 3830 sano
1403 3779 1404 3832 t

224 3857 301 3908 cibus
325 3859 461 3910 obducere
486 3859 664 3922 cupiamus.»
708 3857 751 3908 Sic
790 3877 816 3911 v.
830 3862 953 3910 demissus
970 3860 1003 3908 ad
1019 3859 1129 3908 taudem
1145 3860 1261 3910 accedit.
1283 3861 1315 3910 de

224 3935 330 3998 explico
343 3943 454 4000 propter
471 3937 558 3988 Lucii.
577 3937 621 3998 18,
636 3939 669 3987 2:
688 3952 751 3988 nom
790 3939 836 3989 Or.
851 3938 877 4000 2,
891 3939 940 3990 dd:
962 3939 1065 3996 omniu,
1084 3952 1150 4005 quoe
1160 3940 1314 4002 proborum.
1403 3941 1404 3992 i

223 4015 274 4064 noct
293 4010 444 4078 (tamquam
467 4017 539 4066 metz
567 4015 614 4094 alii
631 4013 685 4079 oct)
712 4029 748 4065 ro·
788 4019 971 4073 demissorum,
991 4018 1172 4073 nuncetiam.
1191 4031 1246 4068 oon
1256 4033 1316 4081 por-

223 4094 344 4158 piontdur
363 4095 416 4144 iltis
430 4095 588 4155 iocmttutu'
610 4093 682 4144 coito
695 4108 750 4143 cru·
790 4098 915 4146 tiaootum
928 4122 938 4132 ·
951 4122 960 4132 -
973 4103 1046 4151 ruat.
1073 4096 1149 4144 valdo
1168 4097 1315 4147 beneuolen-

1192 4251 1215 4301 U
