2916 4796
505 307 570 356 ιον.
588 309 611 355 ι.
653 305 757 354 aaron.
778 285 835 367 vir.

131 449 172 514 lit
192 447 277 514 ludis
297 449 433 533 etpost
453 445 567 514 decisa
589 447 727 534 negotia
747 441 885 530 Campo.
986 436 989 442 '

130 564 248 636 Scitari
268 570 350 635 libet
368 587 415 632 ex
436 569 525 652 ipso,
548 566 767 652 quodcunque
788 567 913 652 refers3
942 563 996 630 dic
1163 557 1204 618 ⁶⁰

129 688 181 753 Ad
202 707 338 755 coenam
359 689 484 754 veniat.
527 687 603 752 Non
625 705 708 752 sane
730 685 868 752 credere
889 685 1015 770 Mena,

129 809 241 873 Mirari
263 825 375 874 secum
397 809 530 874 tacitus.
575 788 670 888 Quid·
685 799 813 872 multa?
835 805 1008 893 Benigne,
1161 889 1164 894 ¹

129 927 331 1012 Respondet.
373 926 486 1015 Neget
508 929 563 994 ille
585 919 688 991 mihi?
730 925 843 1014 Negat
865 926 1033 1010 improbus
1056 927 1089 990 et
1113 927 1148 990 te

129 1047 290 1136 Neglegii
304 1052 363 1113 out
383 1047 511 1113 horret.
554 1047 719 1124 Volteium
743 1064 838 1111 manc
859 1045 1035 1130 Philippus

179 1304 201 1358 Ι.
237 1319 265 1356 v.
278 1304 330 1354 63.
351 1303 496 1366 Respondet
520 1303 686 1366 superseni
711 1303 737 1353 s.
763 1303 1122 1369 1b.thait’littupertor.
1142 1317 1156 1354 e
1173 1303 1201 1354 S.

128 1373 267 1438 depotitio
286 1373 329 1424 6ο.
368 1370 405 1438 (v.
424 1373 470 1424 oo.
490 1373 599 1424 liabent
617 1373 778 1436 scripturam
795 1374 911 1438 Neplepit
930 1371 1005 1438 leSc.)

75 1581 77 1588 Α
164 1507 198 1558 ii.
234 1523 262 1560 v.
283 1507 327 1558 66.
346 1506 581 1572 quamnquam.
618 1522 644 1560 v.
665 1506 709 1558 63.
728 1505 813 1571 Nepot
828 1507 872 1558 tlte
890 1500 986 1558 LGTF.

158 1737 200 1788 58.
223 1739 269 1789 56.
314 1739 348 1789 Et
365 1735 527 1802 properare]
556 1745 599 1790 oet
615 1753 644 1790 se
680 1737 1205 1802 hominum,praeconumdictorumap-

127 1818 202 1866 modo
221 1817 340 1879 negotiis
365 1817 459 1868 scdulo
483 1831 582 1870 vacare
605 1819 645 1870 vi·
682 1817 841 1880 paritorum,
858 1817 1009 1866 scribarum
1021 1815 1203 1880 publicorum.

128 1899 401 1959 ctumqnequaeroro,
420 1895 550 1946 modoutl
564 1909 645 1960 quae·
716 1895 842 1945 66-66.-
867 1893 980 1958 Scituri]
1000 1896 1058 1944 lam
1073 1909 1135 1944 cum
1147 1895 1206 1945 Me·

127 1975 180 2024 sitis
198 1979 280 2038 atque
301 1972 395 2036 otiari,
418 1979 449 2026 ,et
465 1975 574 2038 quidem
596 1988 644 2024 suo
682 1985 731 2022 nae
747 1973 884 2024 Demetrio
902 1977 987 2023 totum
1003 1975 1073 2026 vitae
1089 1977 1206 2024 snae'ta-

127 2053 219 2102 horum
244 2053 365 2117 quidque
390 2053 459 2112 loco,
492 2058 554 2116 apto
578 2057 645 2102 tem·
682 2062 779 2102 norem
800 2053 992 2101 candidissime
1020 2053 1204 2115 exposuissem

127 2145 200 2192 pore,
211 2130 243 2182 ἐν
253 2129 375 2202 καιρῷ.»
396 2131 559 2194 Quotidiano
569 2144 645 2194 praa·
660 2175 661 2178 ,
683 2129 839 2190 satisfacere
852 2131 964 2193 cupiens
973 2131 1077 2180 homini
1090 2132 1146 2181 tem
1158 2143 1206 2180 no·

126 2225 219 2261 conum
248 2212 361 2274 negotia
389 2211 431 2260 his
458 2211 646 2275 complectitur
682 2209 732 2256 bili
751 2221 833 2271 quam
854 2213 912 2257 erat
930 2209 1085 2272 Phiiippus,
1105 2209 1149 2258 hio
1171 2208 1205 2257 oie

125 2289 321 2355 llioChrysost.
350 2289 462 2340 Orati.
476 2303 503 2353 p.
517 2290 578 2340 666.
594 2291 643 2340 iia
682 2287 769 2349 ipsam
791 2288 862 2335 hanc
886 2287 1069 2337 sinceritatem
1091 2292 1117 2336 et
1141 2287 1206 2350 quia

126 2364 189 2418 otili
197 2365 333 2440 κήρυκας
341 2363 435 2418 ὠνίων
448 2363 518 2418 cnidi
529 2365 644 2418 κλοπῶν
683 2364 862 2428 perspiciebat
870 2377 962 2413 coram
972 2379 1001 2414 se
1009 2366 1112 2416 versari
1120 2364 1207 2415 homi·

124 2440 292 2516 ἤόρασμῶν
306 2441 440 2516 μήνυτρα
455 2443 646 2516 προτιθέντας
682 2458 746 2494 nem
763 2445 888 2507 probum,
906 2444 1019 2494 minime
1037 2444 1204 2503 mendicum,

124 2522 153 2573 ἐν
173 2519 254 2587 ὁόοϊς
277 2524 329 2574 καὶ
348 2521 380 2573 ἐν
404 2519 501 2594 ἀγορᾷ
519 2521 661 2588 φθεγγοε
683 2522 729 2573 sed
751 2527 861 2585 propter
877 2535 967 2572 mores
986 2523 1106 2585 plebeios
1124 2520 1206 2570 simul

123 2601 227 2664 μένους
247 2598 326 2666 μετὰ
347 2599 456 2666 πολλῆς
479 2599 646 2674 ἐλευθερίας
683 2601 786 2662 largam
805 2601 874 2673 iocis
901 2599 1042 2650 materiam
1070 2600 1207 2665 praebitu-

123 2677 180 2729 κτλ.
199 2701 233 2716 -·
247 2674 358 2742 ρανοίν]
388 2679 481 2730 «tenui
497 2693 596 2740 censu,
616 2684 645 2729 ut
683 2694 754 2740 rum,
769 2681 922 2750 accuratius
931 2693 993 2730 eum
1007 2683 1205 2731 noscereavet.

124 2755 177 2817 ipse
188 2757 249 2805 sit.»
266 2751 388 2820 Ὅμοιον
401 2750 645 2824 ὁμοίῳοίεὶπελοί-
683 2757 840 2822 -Mirari]
861 2764 952 2824 utpote
963 2761 1010 2824 qui
1022 2772 1163 2822 nunquam
1177 2757 1206 2806 iu
1306 2793 1310 2799 -

114 2835 169 2897 ,ζε.
187 2861 221 2869 -
241 2836 301 2884 lore
320 2831 405 2898 certo]
428 2837 492 2886 used
506 2841 598 2886 tamen
616 2849 644 2886 se
682 2837 765 2886 talem
782 2839 893 2888 domum
910 2839 945 2888 ad
964 2851 1076 2889 coenam
1095 2840 1206 2890 vocat-us

123 2915 264 2977 coniugem
282 2918 309 2964 et
326 2915 435 2964 domum
450 2915 494 2966 vel
508 2915 645 2978 propriam
683 2920 763 2966 esset.
801 2917 877 2968 idem
895 2918 968 2968 enim
983 2921 1023 2966 est
1035 2917 1208 2969 Monaesen-

122 2992 164 3043 vel
187 2994 352 3042 conductam
377 2993 493 3052 hahere,
514 3008 585 3044 -non
617 2995 645 3043 in
683 3007 728 3044 sus
746 2999 826 3058 atque
844 2996 983 3046 Euclionis
1000 2997 1029 3045 in
1041 2997 1130 3046 Plauti
1142 2993 1206 3044 tui.

26 3103 27 3106 =
123 3073 273 3122 coenaculo
282 3072 420 3122 dumtaxat
431 3073 581 3122 hahitare.»
594 3073 645 3122 Lo·
682 3074 709 3132 2,
723 3073 816 3132 243:
845 3075 928 3136 Helu,
951 3075 1109 3139 placatiore,
1136 3074 1208 3124 eata

122 3163 148 3198 re
166 3157 240 3200 curto
263 3163 341 3199 mera
365 3155 437 3200 esset
456 3151 579 3213 repetitio
600 3165 643 3202 vr.
683 3153 804 3200 decursim
825 3153 927 3215 faciem
951 3155 1003 3202 tois
1027 3154 1112 3216 [uotis
1124 3154 1206 3217 poda,

120 3231 190 3278 tenui
206 3243 304 3278 censue
318 3251 348 3264 -
364 3235 427 3292 post
445 3227 546 3292 ἀνοὲοο]
566 3243 645 3279 «cum
686 3227 718 3278 Ut
737 3230 840 3292 inopem
860 3237 938 3292 utque
958 3231 1096 3280 iunonem
1116 3231 1163 3280 aba
1183 3239 1208 3284 tc
1297 3235 1299 3240 ’

121 3310 254 3358 transacta
275 3308 330 3357 sint
346 3308 455 3370 nogotia
473 3309 554 3366 etiam
569 3322 647 3372 prae·
683 3313 761 3370 utque
776 3307 823 3357 oba
839 3309 892 3358 tois
908 3321 948 3358 me
963 3309 1085 3358 irrideus.
1105 3308 1138 3347 '-
1155 3311 1208 3360 Be-
1287 3352 1289 3358 .

122 3397 235 3446 conum,
251 3387 281 3436 id
294 3387 562 3436 cstoirciterhoram
575 3379 646 3437 octa·
682 3379 778 3449 cipite]
806 3390 837 3434 ut
853 3400 878 3437 v.
894 3387 937 3434 10.
956 3411 990 3420 —
1013 3383 1111 3450 Nepet]
1139 3370 1208 3438 Go‘n·

121 3477 209 3514 vam.»
248 3465 282 3514 lu
307 3477 434 3527 campum
460 3468 550 3514 autem
576 3463 647 3516 Mar·
684 3464 768 3512 iunci.
797 3464 850 3513 hoc
877 3463 1028 3526 significat:
1049 3464 1208 3516 ’sPotestue

121 3542 187 3592 tium
207 3548 275 3592 tuno
296 3543 387 3605 ipsum
409 3544 494 3593 iturus
516 3548 596 3604 erat,¹
618 3548 647 3614 ut
684 3540 758 3610 fleri,
778 3546 827 3591 utu
848 3546 900 3591 cet.
916 3565 947 3576 -
965 3538 1069 3606 Nepet]
1092 3544 1209 3596 «veisu-

120 3619 175 3682 piia
186 3621 297 3674 luderet
310 3621 353 3672 vei
361 3621 493 3672 indentes
502 3625 645 3684 spectaret.
684 3621 802 3683 spicatas
820 3621 878 3671 ioro
891 3625 920 3670 ut
932 3620 1050 3672 ludibrio
1068 3623 1102 3672 sit
1117 3623 1209 3675 couvi·
1257 3655 1261 3665 ·

122 3699 157 3747 lix
170 3701 212 3749 liis
222 3700 328 3752 ultimis
342 3700 486 3763 praecipue
499 3699 589 3750 verbis
602 3712 647 3762 ap-
684 3699 743 3759 vis,
764 3699 806 3752 vei
827 3700 987 3763 simpliciter
999 3701 1209 3753 nonnosolitao

122 3783 195 3838 paret
204 3791 322 3841 puerum
331 3778 382 3828 hoc
391 3777 647 3841 responsumaito
685 3777 802 3826 libertati
820 3780 992 3838 renuntiare,
1021 3781 1211 3835 aut'voiunta·
1287 3824 1293 3832 .
1338 3759 1341 3766 s

122 3867 155 3902 na
168 3856 238 3918 ipsu,
259 3869 317 3904 nou
329 3869 345 3905 a
359 3861 486 3916 tonsore,
500 3861 530 3905 ut
543 3857 589 3906 alii
602 3871 647 3907 vo·
685 3860 738 3904 tem
757 3861 831 3906 tuam
847 3843 902 3909 nou
921 3862 999 3907 curat
1010 3863 1057 3908 aut
1069 3864 1095 3908 te
1110 3859 1210 3921 return

122 3929 193 3994 lunt,
208 3935 316 3984 tulisse.
348 3934 419 3984 Satis
436 3939 526 3984 autem
539 3933 648 3987 eviden-
686 3947 717 3982 ac
730 3933 915 3985 reformidat.»
930 3961 960 3974 -
973 3936 1119 4000 improbos]
1135 3951 1210 4000 opar-

122 4013 229 4076 torpor
248 4015 299 4062 hos
324 4013 473 4066 versiculos
494 4013 648 4076 depingitur
685 4011 777 4072 vicar,
796 4013 900 4077 truci,
925 4015 981 4064 der
1001 4015 1209 4078 Trotzkops.»

123 4089 359 4156 tita'quotidiaua
384 4091 518 4152 eiusmodi
540 4090 648 4154 generis
686 4087 817 4142 Similiter
834 4091 898 4143 -ltaii
919 4091 978 4142 siue
999 4105 1098 4156 magua
1117 4097 1210 4144 eontu-
