2928 4794
259 281 338 351 aad
594 305 734 352 nonnrn
761 305 1001 353 nnrsronnnun

257 443 401 523 Pectore
423 434 543 524 verba,
565 463 663 528 puer,
685 464 772 515 nunc
794 449 829 511 te
851 425 1041 512 melioribus
1063 446 1154 511 oller.

258 562 331 642 Quo
353 565 456 628 semel
478 567 531 628 est
553 566 676 629 imbuta
698 583 817 631 recens
839 567 988 631 servabit
1011 565 1149 631 odorent

257 682 361 748 'lesia
382 683 448 780 diu.
489 669 589 765 ouon
611 687 639 749 si
662 703 778 751 cessas
798 689 856 751 aut
878 689 1037 752 strenuus
1058 690 1184 774 enisis,
1298 686 1340 745 ⁷⁰

255 803 327 870 Nec
349 803 478 886 tardum
502 807 659 890 opperior
681 824 743 873 nec
768 805 1048 891 praecedentibus
1070 809 1169 873 insto.
1190 807 1217 830 ‘⁴

207 1023 210 1030 .
257 959 381 1010 differre:
417 959 485 1022 iugit
506 961 682 1025 irreparabile
706 967 775 1013 tem·
813 963 1340 1026 sugerepolestdiversitasinieruiram·

256 1055 377 1102 pusn-
397 1037 503 1102 adhibe]
524 1041 604 1090 udum
618 1042 776 1092 adolescens
814 1055 882 1106 que;
909 1042 947 1091 ibi
965 1043 1039 1091 enirn
1060 1041 1180 1104 loquitur
1200 1044 1234 1093 de
1258 1051 1339 1106 gustu

256 1132 300 1174 es.
324 1119 394 1168 liber
415 1119 504 1168 adhuc
527 1132 542 1168 a
569 1121 656 1181 viliis,
681 1121 776 1171 libenti
814 1121 920 1182 ingrato
934 1121 1121 1183 cuiuscunque
1131 1111 1339 1183 potionis'acore

256 1197 347 1248 animo
361 1197 509 1259 sapientiae
519 1203 661 1261 praecepte
671 1200 777 1249 auscul-
810 1189 935 1260 ultimae,
960 1198 1004 1248 liic
1030 1198 1063 1247 de
1090 1199 1164 1249 suevi
1190 1201 1339 1262 amphorae

257 1280 312 1325 ia.»
350 1276 442 1336 Imago
470 1275 615 1338 frequens,
645 1278 726 1326 etiam
748 1279 777 1328 in
814 1277 914 1332 odore,
934 1290 965 1326 ex
985 1277 1049 1326 vino
1067 1276 1184 1326 Falerno
1206 1277 1250 1328 vel
1270 1278 1339 1327 Chio

256 1367 336 1417 prosa
354 1368 395 1402 or.
409 1353 466 1404 Cic.
480 1355 513 1403 de
525 1355 605 1404 Finn.
619 1355 646 1416 3,
660 1357 691 1405 2:
710 1369 779 1406 cem·
814 1357 931 1418 primum
949 1354 1049 1406 infuso.
1070 1379 1101 1390 ·-
1122 1355 1197 1417 Quod
1208 1358 1231 1406 si
1243 1353 1338 1418 casus]

255 1433 339 1482 bibere
347 1439 426 1483 artes.
446 1433 526 1495 Prop.
540 1434 566 1494 3,
580 1434 607 1494 ii,
621 1434 653 1484 8:
674 1436 776 1497 inape:
815 1435 848 1483 Ui
869 1435 922 1483 iam
944 1434 1047 1496 aliquot
1067 1433 1161 1483 Satiris
1184 1440 1210 1484 ei
1231 1436 1339 1498 primae

253 1512 382 1574 mspcntit
393 1512 505 1560 cambus
524 1513 576 1562 istu
596 1513 691 1563 bibam.
710 1513 776 1563 Siai.
810 1513 969 1577 Epistulae,
1001 1514 1041 1562 sic
1064 1514 1144 1563 eiiam
1168 1514 1232 1564 truie
1257 1511 1340 1584 παρὰ

255 1589 320 1642 sne.
343 1591 370 1651 ii,
392 1591 419 1653 2,
441 1591 489 1640 58:
521 1589 583 1641 Bibe
600 1591 669 1640 talin
683 1593 778 1654 primis
814 1589 996 1663 προσδοκίαν
1020 1591 1102 1641 finem
1134 1593 1262 1655 imponiit
1291 1592 1339 1655 qui

254 1669 376 1718 Auribus.
396 1669 444 1718 Vix
456 1682 524 1731 opus
538 1675 699 1720 esimonere
712 1671 778 1719 alio·
815 1671 926 1729 modus,
949 1671 971 1719 si
989 1669 1058 1720 forte
1077 1671 1155 1720 nubis
1173 1671 1261 1733 primo
1274 1685 1339 1721 con·

254 1761 316 1798 rum
337 1748 429 1797 adhibe
449 1761 601 1810 repugnare
627 1754 723 1799 metro.
744 1774 775 1784 -
815 1755 908 1812 spectu
934 1749 1028 1799 durior
1055 1749 1162 1799 ridetur
1190 1753 1217 1799 ei
1246 1749 1339 1799 minus

252 1817 337 1890 puer]
365 1832 395 1876 ut
418 1827 469 1876 Od.
490 1828 522 1887 b,
545 1829 650 1887 1,15:
678 1829 776 1877 Fabius
815 1829 946 1882 urbanus,
957 1827 1160 1877 adolescentulo
1174 1832 1265 1877 iamen
1277 1828 1339 1877 Lol-

254 1905 388 1954 Maximus
406 1913 507 1954 centum
516 1919 583 1967 puer
595 1907 704 1956 artium.
733 1907 777 1955 Sic
814 1906 862 1962 lio,
877 1909 906 1955 ui
922 1906 1049 1954 lloraiius
1062 1905 1163 1967 optime
1173 1911 1263 1965 norat,
1280 1905 1340 1954 len·

256 1983 329 2031 enim
355 1977 590 2053 ὑποκοριστικῶς
617 1997 633 2033 a
657 1983 777 2033 iamilia-
815 1989 871 2033 tum
892 1985 977 2034 risum
1000 1997 1109 2034 movere
1130 1983 1254 2042 debebat,
1279 1985 1340 2032 iun-

255 2061 330 2110 ribus
356 2061 563 2123 appellabantur
591 2061 777 2112 adolescentes
814 2069 888 2112 cium
909 2077 971 2112 cum
985 2063 1124 2125 proposito
1140 2063 1203 2112 talia
1222 2063 1339 2111 consilia

255 2139 314 2189 XX.
334 2144 360 2189 ei
375 2139 465 2202 plures
485 2135 570 2189 curuos
589 2141 655 2190 nati.
676 2167 707 2176 -
726 2155 778 2190 mc·
815 2141 956 2204 sequendi.
988 2141 1144 2190 Sapientiae
1164 2141 1203 2190 sic
1225 2145 1340 2190 nectun-

256 2215 374 2280 lieribuc]
395 2233 527 2282 «quorum
549 2220 720 2282 prudentiam
745 2233 777 2269 ae
815 2226 872 2271 iun:
894 2219 1037 2269 «Ceterum
1046 2224 1182 2270 memenio
1192 2233 1235 2269 me
1244 2219 1337 2270 emnia

256 2298 367 2348 virtutes
389 2303 416 2347 iu
435 2297 505 2347 uliro
526 2299 679 2359 agnoscis.»
707 2297 775 2360 lipp.
814 2300 881 2349 haec
908 2303 1050 2360 praecepta
1080 2298 1129 2347 tibi
1156 2303 1201 2346 tua
1232 2302 1338 2347 tantum

256 2379 281 2435 1,
296 2376 385 2436 iis:
411 2377 514 2425 meliori
530 2377 631 2426 credere
647 2391 700 2425 ποπ
719 2377 777 2424 uis?
814 2375 1066 2438 graiiairadidisse;
1087 2376 1231 2425 consilinm
1245 2390 1339 2424 meum

257 2453 373 2520 -offer]
395 2452 555 2517 «nugaces,
570 2456 775 2514 utiedoceani3
814 2456 914 2515 habes;
945 2468 1019 2503 nnnc
1045 2459 1073 2503 iu
1101 2453 1159 2514 iac,
1188 2455 1259 2517 quod
1290 2455 1339 2502 iibi

254 2534 311 2584 noli
324 2538 488 2597 exspectare,
503 2535 567 2583 dum
580 2539 606 2583 ie
620 2539 776 2584 moneant.»
803 2534 918 2596 placei:
938 2533 961 2582 si
977 2533 1121 2594 negligens
1141 2533 1209 2591 eris,
1231 2537 1275 2580 tua
1295 2546 1340 2580 res

256 2611 354 2663 Senon.
813 2616 923 2674 agetnr;
944 2613 987 2660 sin
1007 2611 1081 2660 velut
1098 2611 1191 2672 auriga
1210 2611 1238 2658 in
1251 2615 1341 2658 ceria-

289 2691 413 2741 itit-71.
450 2691 551 2740 imbuta
573 2687 677 2752 accan]
714 2691 777 2739 Fre·
813 2692 945 2741 minemo
962 2691 1154 2753 praecesseris,
1168 2695 1273 2752 graium
1288 2690 1339 2738 uii-

256 2782 341 2830 quens
355 2770 455 2830 imago,
473 2769 557 2818 veluit
571 2761 624 2817 i'am
640 2770 712 2831 apud
725 2769 778 2817 lin·
814 2784 866 2834 qne
890 2769 955 2819 mihi
981 2769 1048 2827 erli;
1082 2781 1133 2830 ege
1155 2773 1264 2829 iumen,
1293 2767 1339 2816 cui

256 2847 331 2896 nium
353 2845 425 2896 Anu.
452 2847 479 2907 7,
502 2847 546 2896 87.
567 2847 685 2909 Spang.:
714 2848 776 2896 Cum
814 2853 916 2900 ceriam
943 2849 1079 2914 quandam
1100 2847 1172 2898 riam
1198 2859 1230 2902 ac
1255 2847 1338 2896 ratio·

253 2925 302 2973 ilio
319 2932 358 2985 ut,
378 2939 443 2988 quac
461 2928 514 2977 iam
532 2926 608 2974 semel
624 2931 662 2974 cst
677 2925 777 2974 imbuta
813 2942 877 2978 nem
905 2929 933 2976 in
966 2929 1041 2976 omni
1071 2940 1131 2976 meu
1156 2927 1209 2977 rita
1242 2939 1340 2987 regen·

254 3006 371 3053 veneno.
388 3039 395 3052 .
415 3039 422 3053 .
443 3003 519 3053 Philo
541 3004 618 3065 Quod
640 3003 709 3052 liber
731 3004 775 3064 sii,
814 3009 847 3057 da
870 3011 962 3056 tenere
982 3007 1148 3068 propositum
1175 3009 1230 3060 est,
1269 3017 1340 3052 nun·

256 3083 378 3145 quisquis
410 3083 501 3133 virtuti
533 3083 622 3137 studet
650 3097 677 3145 p.
708 3083 774 3132 671:
813 3099 896 3150 quarn
941 3083 1122 3146 negligentior
1163 3080 1226 3132 flam
1276 3095 1339 3144 pro·

254 3155 352 3232 ὥσπερ
377 3159 434 3234 γὰρ
459 3164 535 3226 φασὶ
561 3162 598 3213 sci
620 3158 691 3213 κενὰ
719 3160 776 3212 τῶν
802 3169 920 3226 pterea,
946 3163 1019 3225 qnod
1048 3167 1074 3212 ie
1100 3159 1340 3212 aliosve=dilicrre

253 3237 380 3306 ἀγγείων
392 3237 553 3313 ἀναφέρειν
567 3240 619 3304 τὰς
632 3240 689 3291 τῶν
702 3237 776 3312 ,τρώ-
812 3248 894 3305 alque
924 3242 1048 3290 omittere
1064 3253 1157 3300 perae
1186 3241 1338 3303 sapientiae

253 3334 311 3370 των
324 3321 363 3383 εἰς
377 3316 455 3371 αὐτὰ
469 3319 652 3386 ἐγχυθέκπωκ
666 3314 774 3384 ὀσμὰς,
812 3320 901 3369 studia
921 3321 1044 3379 videam,
1071 3332 1160 3381 neque
1182 3319 1243 3368 ideo
1264 3319 1338 3380 quod

254 3393 333 3448 onisco
360 3399 410 3450 καὶ
438 3400 471 3448 αἱ
496 3398 550 3450 τῶι,
573 3400 646 3448 νέων
665 3399 774 3462 ψυχαί.
792 3379 795 3460 l
812 3398 859 3447 alii
885 3399 970 3447 nimio
995 3397 1108 3446 ioriasse
1131 3397 1229 3446 ardore
1254 3399 1281 3445 in
1304 3410 1337 3445 ea

254 3501 287 3509 -
306 3475 387 3538 testo]
408 3478 490 3526 cadus
513 3476 554 3527 vel
577 3477 721 3538 amphora3
742 3476 775 3524 de
791 3471 794 3544 l
812 3477 982 3535 incumbunt,
997 3476 1083 3538 magis
1097 3487 1178 3538 quarn
1189 3475 1258 3524 ratio
1269 3475 1337 3522 milri

254 3555 357 3604 concha
376 3556 571 3616 unguentaria,
593 3568 662 3618 quae
680 3555 775 3604 fictiles
812 3554 921 3613 suadet,
944 3555 1016 3603 vires
1037 3567 1111 3603 meas
1125 3554 1289 3602 contendam
1304 3565 1339 3601 ac

254 3646 309 3683 non
328 3640 414 3694 erant,
440 3635 486 3684 scd
508 3649 538 3684 ex
558 3635 672 3697 onyche,
694 3635 773 3690 vitro,
812 3636 921 3695 propter
932 3633 984 3682 hoc
998 3632 1179 3697 conflciumn
1197 3631 1337 3692 Singulari

254 3717 481 3773 auroargeniove
498 3712 607 3770 flebant,
628 3712 713 3760 nolim
732 3725 775 3758 ac·
811 3716 902 3760 antem
932 3716 1005 3770 arte,
1034 3725 1089 3774 quo
1119 3711 1208 3761 omnis
1231 3709 1337 3758 olicnsa

254 3787 355 3850 cipere.
380 3790 504 3838 Ceterum
523 3789 667 3852 Gargallus
686 3802 775 3852 repre·
811 3790 954 3850 devitetur,
965 3790 1178 3851 praecedentibus
1191 3790 1266 3848 dicit,
1281 3803 1338 3838 non

253 3866 347 3917 bendii
366 3869 491 3930 poetam,
512 3869 583 3930 quod
597 3867 776 3930 comparatio·
808 3869 983 3930 praecedenti.
1005 3868 1145 3918 «Ostendit
1158 3881 1212 3916 non
1222 3867 1256 3915 ad
1270 3867 1339 3916 alie·

254 3959 333 4002 nem,
362 3960 414 4010 qnia
435 3947 525 4010 paullo
547 3951 692 3997 anteusus
716 3951 775 3996 erat
811 3960 877 3996 num
899 3948 1056 4008 arbitrium,
1082 3949 1128 3997 sed
1151 3947 1184 3995 ad
1207 3959 1287 3994 suum
1307 3959 1340 3995 se

255 4025 347 4087 nbi„
359 4027 510 4088 repetierit:
531 4021 668 4076 neminem
683 4032 773 4076 tamen
811 4024 957 4087 prolicere,
973 4023 1179 4099 προκόπτειν.»
1199 4023 1300 4092 Senon.

680 4165 902 4178 *ιυ-
