2856 4782
221 304 303 383 {34
582 307 723 379 nouarn
743 322 946 370 acarnanum

218 471 347 558 Nempe
368 466 589 553 incomposito
612 464 680 529 dixi
702 461 788 547 pede
810 479 946 528 currere
970 479 1091 525 versus

220 593 338 660 Lucili.
382 587 465 670 Quis
486 590 553 652 tam
575 586 682 651 Lucili
704 585 819 648 fautor
838 584 952 665 inepte
976 583 1044 657 est,

220 711 269 780 tit
290 730 358 776 non
378 709 443 775 hoc
465 699 640 773 fateatur?
661 704 711 769 At
732 703 836 790 idem,
860 700 948 787 quod
971 701 1042 765 sale
1064 700 1166 763 multo

220 830 345 899 Urbem
368 829 542 912 defricuit,
568 826 686 892 charta
707 823 863 889 laudatur
884 820 1009 887 eadem.

220 953 292 1030 Nec
304 955 415 1016 umen
426 949 491 1014 boc
503 949 654 1012 tribuens
666 943 813 1010 dederim
826 959 957 1027 qnoque
968 943 1081 1006 cetera
1088 958 1098 1016 3
1118 956 1192 1002 nam
1213 937 1263 1002 sle
1286 931 1305 994 5

222 1071 268 1136 nt
289 1072 412 1136 Laberi
433 1070 548 1133 mimos
568 1069 606 1131 ut
628 1064 767 1149 pulchra
789 1066 943 1147 poemata
964 1063 1072 1126 mirer.

221 1191 317 1280 Ergo
339 1191 512 1254 nonsatis
535 1191 588 1252 est
608 1188 680 1250 risu
701 1185 859 1250 diducere
881 1184 999 1247 rictum

222 1309 416 1395 Auditoris3
438 1311 473 1374 et
495 1311 547 1373 est
563 1305 731 1392 ‚quaedam
753 1308 863 1368 tamen
886 1301 938 1368 hic
962 1319 1091 1386 quoque
1113 1281 1234 1364 uirtus.
1276 1363 1279 1367 .

222 1429 287 1496 Est
308 1431 474 1495 brevitate
496 1446 600 1512 opus,
625 1428 662 1490 ut
688 1427 801 1490 currat
822 1424 990 1488 sententia
1013 1421 1086 1486 neu‘
1100 1440 1138 1486 se

275 1619 298 1668 l.
336 1632 363 1671 v.
382 1618 409 1668 L.
428 1618 511 1680 inepti
531 1618 558 1668 b.
584 1611 725 1682 (nonSe.)
759 1613 850 1667 trab.
870 1612 897 1665 o.
923 1610 1152 1662 aamnmireri
1171 1622 1196 1660 c.
1233 1622 1262 1660 r.
1280 1607 1308 1658 ’1.

224 1687 345 1738 dedumre
367 1688 394 1737 b.

134 1889 137 1901 ,
258 1838 351 1890 1-5.
388 1835 500 1901 Nempe]
526 1844 566 1888 eet
584 1837 746 1888 confirman·
784 1848 838 1884 aaa
857 1834 959 1890 solum,
984 1832 1134 1887 siiueitet,
1161 1829 1311 1881 sedetiam

223 1917 268 1966 tis.
290 1915 390 1966 «Certe
409 1913 457 1978 (ja
475 1915 576 1972 seobl,
596 1912 746 1980 [reilicbl
784 1915 808 1962 si
824 1913 967 1974 supplicet,
987 1912 1074 1975 coqit,·
1092 1911 1160 1959 uade
1179 1923 1204 1960 se
1222 1917 1246 1960 et
1259 1911 1312 1960 La-

225 1991 357 2044 conflteor
376 2006 420 2042 me
437 1994 570 2043 dixisse.»
602 1993 670 2043 Aca.
690 1989 761 2042 Sat.
785 1993 870 2042 berius
889 2005 907 2040 a
927 1991 1038 2039 Caesare
1058 1995 1176 2038 coactum
1195 1990 1225 2038 irs
1244 1990 1311 2038 Pro·

223 2072 250 2132 l,
264 2071 291 2133 d,
305 2072 339 2121 8:
359 2073 746 2134 durasscompaaereversae.-
786 2071 844 2134 lopo
857 2075 969 2119 testatur
981 2069 1020 2115 bis
1036 2067 1160 2126 versibus,
1181 2071 1233 2116 cet.
1262 2067 1309 2116 Se·

223 2146 511 2211 incomposito-pede]
540 2163 666 2218 carperes
691 2164 748 2199 sca·
785 2149 877 2211 quitur
908 2147 1040 2207 Ptologns
1073 2146 1181 2208 optimis
1214 2146 1311 2208 utique

112 2251 115 2260 v
223 2223 341 2290 brosque
354 2227 501 2290 permultos
513 2241 601 2278 esee.»
617 2230 748 2292 —fautor
785 2227 875 2290 pedale
895 2225 1007 2275 Latinae
1028 2223 1210 2273 monumentis
1225 2222 1312 2273 adnu-

223 2302 324 2368 mepte]
350 2305 421 2358 Care
442 2307 543 2357 scribas
565 2310 668 2370 ineptae
685 2303 749 2357 cum'
786 2304 950 2354 morandus:
974 2315 1069 2354 rerum
1091 2302 1167 2350 mimi
1188 2301 1240 2364 ipsi
1254 2315 1312 2352 non

226 2375 385 2446 Deeringlo.
423 2385 486 2434 Est:
516 2387 598 2449 cquis
619 2387 673 2436 iam
693 2391 747 2435 tam
786 2385 874 2434 solum
898 2383 1027 2442 Horatio,
1060 2380 1209 2430 sedetiam
1236 2380 1313 2430 Cice·
1418 2410 1419 2452 1

225 2460 318 2525 inepto
348 2461 428 2512 modo
453 2463 557 2514 Lucilio
591 2464 679 2526 savet,
719 2468 749 2512 ut
786 2455 846 2513 roni
867 2462 939 2511 baud
961 2461 1042 2510 nimis
1064 2459 1219 2523 placebant.
1268 2457 1313 2510 Ad
1418 2471 1419 2506 1

187 2583 189 2590 ,
226 2545 319 2603 aperta
333 2542 391 2591 eius
406 2543 472 2593 uilla
485 2547 566 2604 neget
575 2545 608 2591 ‘lu
624 2569 654 2579 -
677 2537 747 2604 sale]
786 2544 863 2591 Fam.
877 2541 922 2600 12,
942 2540 993 2590 18:
1012 2539 1138 2602 Equidem
1149 2539 1186 2587 sic
1198 2539 1254 2587 iam
1267 2538 1312 2588 ob·

227 2617 321 2669 «Sales
343 2621 451 2682 proprie
474 2621 617 2683 pluraliter
640 2619 748 2669 dicendi
786 2620 864 2668 durui
882 2614 919 2681 (a.
933 2633 962 2666 u.
976 2631 1001 2667 c.
1014 2614 1107 2679 mu),
1126 2623 1156 2665 ut
1169 2616 1236 2664 ludis
1250 2616 1313 2666 Cae·

224 2701 299 2752 sunt,
321 2710 383 2745 cnm
400 2698 539 2746 urbanitas
552 2697 747 2760 significatur.»
786 2697 856 2746 saris
879 2697 966 2745 mostm'
988 2697 1143 2758 aequissimo
1163 2695 1254 2743 auimo
1279 2715 1314 2729 -

223 2771 292 2824 Aca.
325 2773 376 2823 Sed
399 2773 456 2824 Cic.
482 2774 515 2824 tle
539 2776 572 2826 N.
593 2776 625 2824 Ι).
646 2777 674 2834 a,
695 2777 746 2826 29:
787 2770 1238 2837 audiremLaberiietPublii(Spri)
1249 2777 1314 2834 po'e'-

225 2848 270 2901 lta
289 2851 370 2902 salem
384 2853 483 2907 ictuum
508 2867 558 2915 quo
575 2861 646 2903 caret
661 2861 749 2904 nestra
786 2861 872 2903 mata.
883 2852 1032 2916 -pulcbra
1045 2846 1185 2914 poemata]
1208 2850 1314 2912 aperie-

226 2925 445 2992 (Epicureorum)
467 2931 552 2991 matie,
565 2933 595 2980 im
609 2933 750 2996 iryidemdis
788 2939 863 2992 cta»;
884 2945 947 2980 nam
962 2930 1034 2994 quod
1043 2930 1076 2979 ad
1085 2930 1313 2992 compositionem

223 3007 299 3055 mobis
310 3007 391 3057 uolite
404 3021 560 3060 consumere.
573 3035 603 3046 ·-
618 3008 748 3074 defricuit]
788 3017 814 3062 et
831 3009 1002 3060 commodam
1027 3009 1107 3058 totius
1126 3008 1240 3057 actionis
1263 3007 1315 3056 im·

225 3083 259 3134 llt
276 3085 354 3135 dolor
369 3087 468 3148 oritur,
495 3089 542 3137 nbi
559 3089 616 3138 eale
636 3089 750 3139 delrice·
787 3089 961 3153 plicationem
981 3087 1189 3137 resolutionem
1205 3086 1313 3147 attinet,

214 3167 270 3216 sor
295 3164 363 3213 cutis
388 3165 522 3216 vibicibus
549 3167 593 3218 rel
617 3167 671 3218 alio
696 3182 749 3232 quo
788 3167 864 3217 mimi
884 3166 1029 3215 Laberiani
1050 3179 1115 3213 sane
1133 3163 1314 3226 posthabendi

224 3242 306 3291 morlo
325 3243 418 3305 laesa,
447 3245 486 3294 sic
508 3245 555 3296 ille
573 3246 702 3296 ridiculos
724 3253 750 3297 et
788 3251 865 3296 erant
886 3245 985 3294 tabulis
1006 3243 1181 3295 Menandreis
1205 3247 1232 3292 et
1262 3243 1314 3292 Te·

225 3331 367 3384 perversos
380 3325 535 3386 aequalium
549 3339 639 3374 mores
652 3327 749 3376 acerbe
788 3323 929 3374 rentianis.
944 3371 946 3376 .

227 3401 385 3462 castigando
399 3402 499 3452 multoe
514 3403 611 3465 laesit,
631 3404 696 3454 dnm
709 3419 750 3454 sa·
822 3403 927 3454 7-12.
955 3401 1074 3451 diducere
1086 3395 1197 3460 rictum]
1213 3399 1315 3448 electo·

226 3476 297 3552 libus
323 3492 354 3528 ac
375 3480 480 3529 lacellis
506 3482 557 3542 lis,
599 3496 667 3548 quor
693 3498 749 3533 non
788 3494 845 3530 rem
863 3481 908 3532 rel
929 3479 1043 3530 inritum
1065 3478 1099 3526 ad
1126 3479 1212 3526 risum
1234 3476 1315 3539 quasi

225 3561 315 3616 notat,
342 3555 427 3605 rtrum
451 3559 557 3608 excitat.
582 3585 611 3596 -
639 3557 748 3622 oborta]
787 3571 902 3620 cogere,
923 3558 947 3607 ei
965 3558 1050 3606 risum
1064 3555 1202 3620 profusum
1222 3568 1315 3605 more·

227 3632 278 3681 nin
295 3634 391 3682 eadem
413 3634 459 3684 illa
479 3635 566 3688 Satira
584 3637 609 3697 1,
629 3637 656 3698 ll,
676 3639 726 3687 7.»
786 3651 854 3686 reso
877 3633 917 3700 (ut
933 3633 1033 3699 Appul.
1055 3635 1135 3698 Apol.
1150 3635 1176 3684 2.
1198 3648 1225 3697 p.
1249 3633 1312 3684 192.

135 3703 169 3722 “’
259 3707 287 3758 6.
324 3709 433 3774 Laberi]
461 3713 584 3763 Macrob.
605 3714 660 3763 Sat.
675 3715 701 3770 Ξ,
716 3716 747 3764 7:
787 3715 840 3766 0.:
860 3716 994 3764 destrictis
1011 3716 1079 3778 [orte
1095 3715 1118 3763 si
1135 3713 1235 3774 lebedis
1251 3713 1315 3762 rise-

224 3783 260 3836 D.
288 3787 446 3848 Laberium,
486 3803 594 3853 asperae
620 3791 750 3843 libertatis
787 3791 863 3856 rin)
892 3807 1097 3857 «quamquam,
1127 3793 1231 3855 inquit,
1260 3792 1314 3840 ¹1⁰⁰

179 3923 183 3934 ὁ
225 3866 334 3928 equitem
359 3867 522 3928 Romanum,
555 3871 651 3920 Caesar
675 3875 749 3936 qutu-
787 3884 895 3935 qnoque
936 3885 991 3922 non
1030 3871 1175 3920 minimum
1210 3870 1313 3919 satirici

224 3944 307 4007 qeatis
323 3945 427 3993 milibus
444 3947 585 4004 inuitauit,
613 3957 643 4000 ut
658 3951 749 4012 prodi·
787 3953 882 4014 politae
904 3951 1125 3999 erimantum.»
1147 3973 1177 3984 -
1204 3945 1312 4010 currat]

224 4027 264 4071 ret
275 4025 305 4071 iu
316 4035 418 4072 scemam
435 4031 460 4073 et
475 4028 529 4087 ipse
541 4029 629 4092 aqe‘ret
645 4032 746 4084 mimos,
788 4029 893 4083 smalto
914 4041 975 4078 cnm
1000 4028 1129 4078 facilitate
1156 4027 1313 4090 progredia-

225 4114 288 4164 qaas
319 4104 499 4164 scriptitabat.
555 4107 605 4158 Sed
629 4114 748 4170 potestas
785 4112 828 4158 tar
842 4119 931 4170 neque
944 4106 1079 4158 claudicet
1092 4117 1161 4160 neve
1174 4107 1312 4156 insistat.»
