2856 4782
234 277 311 342 152
404 271 410 274 ’
588 291 728 338 nonaum
750 289 948 336 sanrnsnum

231 430 426 517 composui,
449 450 527 514 pars
550 447 626 494 esse
648 431 744 512 putet
767 429 954 509 similesque
976 443 1122 488 meorum

231 553 328 617 Mille
351 551 404 615 die
426 568 546 614 versus
567 546 684 612 deduci
708 564 818 630 posse.
862 545 1014 624 Trebati,

233 668 319 750 Quid
341 671 475 749 faeiem,
499 669 698 750 praescribe.
722 662 892 745 Quiescas.
919 664 1122 741 Neieciam,
1143 661 1269 745 inquis,
1292 653 1331 718 5·
1418 637 1419 650 ¹

141 777 146 786 ’
234 787 374 854 Omnino
397 779 547 852 versus?
569 788 645 850 Aio.
657 785 795 848 Persam
819 787 919 865 male,
941 785 970 847 si
992 801 1059 846 non

156 969 160 978 .
233 905 399 992 Optimum
423 911 515 971 crat:
537 925 651 970 verum
675 923 803 996 nequeo
826 903 978 966 dormire.
1022 901 1089 966 Ter
1110 901 1202 965 uncti

232 1026 446 1092 Transnunto
468 1025 626 1111 Tiberim,
648 1043 763 1088 somno
787 1024 905 1107 quibus
927 1024 978 1086 est
1002 1021 1193 1104 apusella,

234 1357 309 1406 ilaec
325 1357 489 1406 constructio
503 1355 615 1405 Horatio
633 1356 711 1405 solita
724 1357 753 1404 h.
793 1355 929 1419 proprium
944 1354 977 1403 de
995 1352 1073 1403 ictis.
1111 1351 1166 1402 Cia.
1181 1329 1256 1402 Orat.
1266 1352 1313 1402 iu.

234 1435 253 1483 i.
277 1436 340 1483 satis
366 1437 483 1484 etiuma
514 1434 597 1484 Codd.
621 1435 752 1483 firmatur.
792 1434 840 1482 Ed.
859 1445 936 1482 meae
950 1433 1036 1481 mim:
1058 1431 1121 1490 Quis
1135 1443 1252 1492 uuquam
1267 1431 1314 1478 du·
1418 1429 1419 1436 ’

234 1509 288 1560 Cir.
304 1512 359 1561 Sat.
382 1515 407 1571 1,
428 1513 456 1578 d,
478 1513 522 1560 ui.
544 1537 574 1548 -
595 1508 699 1576 Leqem]
726 1517 755 1562 ui
793 1511 901 1570 ditavit,
930 1511 1034 1572 quinia
1053 1507 1201 1569 republica
1221 1515 1314 1557 nostra
1418 1501 1419 1568 l

176 1603 178 1610 ·
233 1587 267 1636 Α.
281 1588 311 1636 Ρ.
326 1590 392 1639 1352
419 1591 503 1650 operis
518 1590 576 1650 lau,
600 1591 710 1651 «regula
729 1594 755 1638 et
790 1591 892 1649 primas
912 1588 1057 1650 eloquentia
1079 1587 1191 1635 tenuerit
1215 1599 1315 1647 semper
1418 1579 1419 1620 i

234 1665 302 1715 ratio
311 1667 409 1715 satirae
422 1668 588 1716 Romanae.»
600 1664 753 1728 -teadere]
792 1667 900 1714 urbanis
917 1667 1069 1728 pacatisque
1081 1663 1171 1722 rebus,
1190 1665 1316 1712 secundas
1418 1657 1419 1726 3

155 1786 158 1790 ,
235 1745 507 1805 lmagedesunrptaa
520 1743 753 1807 fidibuslyraevei
792 1746 858 1791 iuris
874 1745 1001 1792 seleutia?
1028 1757 1085 1791 cum
1102 1743 1132 1789 iu
1151 1741 1239 1790 alteru
1253 1755 1316 1804 pru·

234 1822 325 1870 nervis
343 1834 421 1869 arcus
435 1821 549 1868 nimium
563 1821 682 1870 intentis.
711 1823 755 1870 Sic
793 1823 860 1879 tiae,
884 1822 998 1884 pieriae,
1024 1821 1151 1882 praesidii
1169 1819 1316 1880 plurimum

234 1897 285 1946 Od.
307 1899 338 1954 1,
367 1899 398 1955 1,
421 1897 469 1946 et:
499 1898 600 1946 tendere
622 1897 753 1947 barbiton.
793 1904 873 1956 esset,⁸
903 1900 933 1946 ia
957 1899 1044 1946 altera
1071 1897 1315 1959 praescriptio·

236 1975 295 2022 «Hi
315 1975 397 2035 igitur
419 1975 565 2024 adversarii
588 1978 755 2025 contendunt
792 1989 865 2024 uum
883 1977 1081 2037 cautionumque
1091 1976 1241 2036 praeceptio
1261 1977 1314 2023 cet.

234 2052 330 2101 satiras
340 2066 414 2101 meas
424 2053 505 2100 nimis
521 2051 660 2102 mordaces
671 2068 754 2116 prope
794 2076 824 2087 -
835 2050 971 2114 Quiescas]
989 2053 1057 2102 Cum
1067 2053 1170 2101 comica
1183 2052 1315 2112 gravitate

206 2147 208 2150 ·
234 2130 329 2186 abesse
348 2144 364 2178 a
380 2130 478 2179 libellis
492 2130 629 2179 famosis.»
650 2155 681 2166 -
701 2133 755 2180 siue
794 2131 868 2180 lctus
889 2131 1063 2186 brevissime,
1093 2131 1206 2190 singulis
1230 2144 1315 2193 prope

233 2205 335 2269 mucis]
355 2208 389 2255 Α.
404 2208 434 2256 P.
449 2207 519 2255 320:
539 2209 593 2256 siue
604 2210 717 2269 paudere
729 2216 754 2257 ct
792 2210 880 2260 verbis
889 2222 1018 2270 parcens,
1031 2209 1192 2270 respondet.
1208 2231 1239 2242 -
1255 2209 1317 2256 Per·

234 2291 301 2332 arte.
323 2285 438 2333 «Dicunt
453 2287 545 2334 versus
563 2298 637 2334 meos
653 2287 754 2335 nullius
782 2301 849 2336 -eam
861 2288 906 2334 -si
918 2311 928 2321 -
941 2311 951 2322 -
963 2300 1018 2334 ιιοιι
1040 2283 1113 2348 erat]
1145 2285 1200 2336 Cir.
1217 2285 1274 2336 Sat.
1289 2289 1314 2346 1,

234 2374 294 2411 esse
316 2364 447 2411 momenti
476 2369 502 2411 et
530 2353 623 2413 carere
653 2365 754 2415 viribus
792 2365 818 2424 0,
833 2365 875 2413 39.
894 2368 920 2412 ei
938 2362 1007 2412 inira
1025 2379 1051 2413 v.
1066 2364 1109 2412 10.
1131 2387 1161 2398 -
1182 2363 1317 2424 Optimum

235 2441 348 2500 ingenii,
369 2443 447 2500 adeo,
467 2447 496 2490 ut
509 2442 679 2503 quivislacili
692 2458 755 2506 ope-
793 2439 866 2503 erat]
893 2455 906 2485 (ι
915 2442 947 2489 ad
969 2441 1141 2490 devitandam
1162 2441 1316 2491 insectatio-

234 2529 264 2566 ra
282 2519 348 2567 iales
362 2519 492 2569 effutiat.»
518 2521 661 2570 Praeterea
682 2523 753 2572 haud
794 2533 841 2568 nes
857 2519 1013 2581 iniquorum
1030 2531 1180 2568 meorum.»
1203 2545 1232 2554 -
1254 2521 1315 2568 dor-

234 2595 413 2659 improbabile
422 2600 638 2647 estanonnullis
652 2599 755 2647 deside·
792 2593 873 2656 mire]
906 2595 969 2651 «Si,
1001 2610 1070 2658 quae
1092 2597 1183 2644 animo
1206 2596 1314 2658 voluto,

233 2679 306 2722 ratos
332 2687 391 2723 esse
417 2674 445 2723 in
467 2675 578 2724 Horatio
599 2677 669 2724 sales
694 2676 754 2724 illos
794 2674 914 2724 versibus
929 2674 1068 2724 includere
1080 2679 1170 2734 vetor
1190 2675 1258 2724 adeo
1275 2675 1316 2723 in·

233 2749 372 2798 Plautinos
392 2751 609 2811 acLucilianos,
637 2752 683 2814 qui
704 2753 754 2814 ipsi
794 2753 911 2816 quieter,
948 2759 977 2803 ut
1004 2754 1146 2803 insomniis
1181 2752 1314 2813 fatiger.»

233 2827 305 2874 haud
320 2826 571 2888 nimisplacebant‚
592 2829 754 2890 ideoquene
793 2831 846 2880 Alii
864 2807 1013 2894 explicant:
1039 2845 1167 2894 «nequeo
1188 2844 1314 2891 cessare,

234 2903 276 2951 his
297 2907 434 2964 tamquam
454 2916 581 2953 enervem
605 2906 754 2956 elumbem·
793 2923 865 2958 iners
874 2923 943 2960 esse
946 2924 960 2955 ιι
977 2911 1227 2959 Vernm'irebatius
1240 2914 1314 2960 certe

235 2992 287 3041 que
317 2981 425 3040 poiitam
456 2984 652 3043 reprehensum
683 2998 751 3034 esse.
792 2989 899 3051 proprie
920 2989 1033 3050 accepit.
1223 3021 1227 3024 -

234 3055 404 3113 Gir.Sai.1‚
423 3059 532 3116 10,13.
553 3086 583 3095 -
604 3059 710 3123 deduci]
737 3076 752 3111 a
826 3065 852 3113 8.
872 3066 898 3114 9.
929 3061 1181 3126 Ter-tramuauto]
1202 3065 1314 3114 Siciun-

233 3134 334 3183 nendo.
362 3135 417 3184 Sat.
436 3137 519 3195 1‚10,
539 3138 583 3186 id.
604 3139 712 3202 eppe,
727 3143 751 3202 1,
792 3157 825 3206 ge
847 3157 919 3192 non:
948 3150 988 3192 ter
1010 3145 1092 3193 uncti.
1130 3145 1181 3192 iiic
1206 3137 1314 3206 quoque
1418 3145 1419 3196 l

233 3211 298 3261 225:
331 3215 402 3261 teuui
424 3215 535 3264 deducta
555 3221 681 3278 poemata
697 3220 751 3283 filo.
791 3222 884 3282 legum
901 3233 1055 3270 sermonem
1073 3221 1159 3270 facete
1181 3222 1313 3273 imitatur.

235 3313 265 3324 —
287 3289 436 3352 Trebatius]
457 3292 486 3341 C.
500 3295 641 3344 Trebatius
662 3298 751 3358 Testa,
791 3300 917 3360 vegetius
928 3299 961 3348 de
974 3299 1079 3349 Remil.
1091 3302 1119 3364 1,
1134 3301 1181 3348 1οι
1202 3301 1319 3348 11οιιιαιι1·
1418 3295 1419 3350 ἶ

140 3373 142 3376 ’
173 3424 182 3435 l
233 3369 337 3417 amicus
357 3369 510 3429 Ciceronis,
531 3373 656 3436 quicum
675 3388 707 3424 eo
725 3377 752 3424 in
790 3384 900 3432 ueteres,
927 3389 989 3439 quos
1007 3383 1045 3425 toi
1061 3377 1128 3426 bella
1146 3383 1170 3426 ot
1187 3379 1314 3428 contiuua

233 3445 300 3508 lipp.
320 3446 353 3496 ad
369 3449 445 3498 Fam.
462 3450 521 3499 Lib.
534 3453 561 3500 7.
578 3465 660 3514 saepe
682 3453 752 3502 ioca·
788 3455 906 3515 pericula
935 3455 970 3502 ad
999 3468 1098 3503 omnem
1122 3456 1160 3502 rei
1188 3455 1314 3504 militaris
1418 3463 1419 3510 i

233 3527 290 3582 tur,
322 3522 446 3574 tribunus
474 3528 511 3589 pl.
530 3541 556 3576 a.
577 3543 605 3578 u.
627 3544 651 3578 c.
673 3531 751 3591 707.,
790 3533 939 3580 erudierunt
959 3539 1061 3587 artem,
1090 3533 1214 3593 Campum
1240 3533 1314 3584 Mur·
1418 3511 1419 3566 Ῐ

232 3602 343 3647 auctore
356 3608 428 3651 certe
441 3603 581 3664 Pighio'i.
593 3607 619 3655 3.
635 3622 661 3669 p.
677 3607 750 3667 451„
791 3609 855 3658 tium
871 3610 984 3657 usinum
1001 3610 1087 3658 Tiberi
1103 3610 1266 3673 deleperuut,
1284 3611 1314 3658 iu

232 3687 258 3722 a.
273 3689 300 3723 u.
320 3689 344 3724 a.
364 3678 425 3727 726.
446 3694 526 3730 senex
547 3685 749 3744 sexagenarius,
790 3687 970 3749 quoiuveutua
978 3677 1041 3748 post
1058 3689 1209 3736 eaermtium
1225 3701 1313 3736 armo·

231 3750 324 3800 hilaris
334 3757 360 3801 ei
370 3755 420 3802 ad
413 3769 503 3806 iocum
514 3761 667 3808 urbanum
661 3775 688 3809 ιιι
699 3761 752 3822 pri·
789 3777 847 3812 rum
856 3765 976 3812 sudorem
988 3765 1166 3827 pulveremque
1184 3765 1312 3814 diluerent

232 3827 395 3890 mustacius,
415 3834 604 3885 Horatrotunc
617 3837 750 3886 xxxvii.
790 3855 821 3890 ac
838 3841 1016 3893 lassitudinem
1038 3857 1174 3906 cursusque
1198 3844 1313 3893 luderem
1418 3869 1419 3894 ι

232 3918 317 3955 annos
336 3913 400 3957 nato
419 3923 483 3959 sane
501 3913 608 3974 placere
626 3915 750 3978 debebat.
789 3919 1084 3980 autaudodepouereut.
1108 3920 1162 3969 Cir.
1177 3919 1228 3968 0d.
1244 3922 1269 3976 1,
1284 3921 1311 3981 8,
1346 3935 1351 3939 ’
1418 3901 1419 3932 ³

265 3984 353 4034 5—7.
388 3987 549 4052 praescribe]
574 3990 619 4040 list
638 3992 755 4063 verbum
789 3995 815 4045 8.
836 3996 1042 4058 od.3,12,16.
1068 3999 1168 4060 «Quod
1181 4011 1247 4051 vero
1261 4005 1310 4058 ter,
