2888 4810
476 330 540 376 nro.
562 329 598 376 u.
640 327 788 386 uoueri.
1108 302 1187 372 533

101 472 249 539 Nostros
271 473 305 536 et
328 471 420 540 tenui
442 469 587 537 deducta
609 471 763 554 poemate
784 466 908 554 lilo;¹
1018 521 1020 528 .
1125 462 1186 524 225

3 645 4 650 η
102 593 185 661 Cum
207 611 380 680 speramus
402 611 443 657 eo
466 610 534 656 rem
556 595 752 674 venturum,
774 593 811 656 ut
832 590 928 657 simul
949 593 1051 674 utque

103 712 259 782 Gorminu
279 715 437 782 rescieris
459 733 521 778 nos
543 713 693 802 ingere,
713 711 904 782 commodus
925 712 1013 776 ultro

104 837 275 903 Arcessas
297 841 330 905 et
354 853 457 925 egere
478 838 576 914 vetes
598 836 803 917 suscribere
825 852 941 921 coges.
988 882 990 890 ,

105 955 176 1026 Sed
200 960 385 1024 tnmcn‘est
407 975 531 1042 operes
554 958 696 1040 pretium
718 967 946 1045 cognoscere,
968 956 1085 1041 quoles

106 1081 276 1146 Aedituus
299 1051 421 1144 habeut
442 1079 521 1145 belli
543 1082 699 1162 spectatu
721 1077 873 1162 domique
957 1123 959 1131 ·
1129 1072 1193 1136 230

105 1203 223 1268 Virtus
244 1200 383 1289 indigno
405 1219 472 1266 non
495 1198 729 1266 committendo
752 1206 882 1292 poetae.

107 1325 235 1392 Gratus
257 1321 455 1389 Alexandro
477 1323 551 1410 regi
572 1321 703 1409 Magno
726 1322 789 1386 init
813 1323 891 1392 ille¹
965 1369 967 1374 -
1040 1389 1044 1396 ,

107 1442 304 1532 Choerilus,
326 1445 460 1510 incultis
474 1445 537 1535 [qui
560 1445 714 1508 versibus
736 1450 769 1508 et
793 1445 876 1509 mele
900 1445 989 1508 netis

162 1622 184 1674 1.
222 1637 248 1672 r.
267 1621 330 1672 226.
350 1633 484 1683 speramur
501 1621 563 1669 item
581 1621 637 1684 sore
654 1626 792 1670 uenturum
810 1622 837 1670 b.
884 1635 908 1672 v.
933 1619 995 1669 228.
1020 1619 1141 1671 Accersas
1166 1620 1194 1670 S.

11 1745 13 1748 ,
109 1689 176 1756 (non
197 1689 237 1757 b.)
273 1707 299 1742 v.
318 1691 380 1740 230.
400 1691 465 1740 betto
484 1690 511 1740 S.
532 1687 599 1754 (nou
618 1687 658 1754 b.)

139 1781 189 1832 lll.
226 1796 253 1834 v.
272 1779 335 1830 23³.
354 1779 485 1830 Choerilus

108 1961 143 1972 ·-
173 1929 347 1999 recoluimus]
387 1933 494 1984 «denuo
523 1933 631 1988 evoluto
670 1933 719 1984 tibi
742 1934 792 1997 ipsi
817 1947 875 1988 rem
901 1947 1067 1998 magnopore
1087 1938 1202 1996 gratam

109 2015 180 2066 libro
200 2015 298 2066 iterum
312 2013 458 2072 recitamus
474 2013 564 2064 locum
585 2013 632 2063 uli·
671 2013 807 2075 lecturos3
828 2016 851 2064 si
872 2029 926 2064 non
945 2015 998 2064 ium
1018 2027 1179 2088 egeamus.»

111 2106 213 2158 quem,
246 2093 292 2156 qui
322 2092 521 2156 pulcherrimus
542 2092 634 2142 nobis
707 2093 759 2144 229
775 2117 808 2130 ·-
824 2094 897 2144 idi..
931 2093 981 2142 Sed
1001 2089 1107 2154 tomen]
1140 2093 1196 2142 lem

110 2165 237 2233 videtur,
263 2172 314 2222 etsi
339 2185 420 2222 nemo
441 2173 530 2222 hone
556 2162 634 2220 nolis
674 2171 883 2224 commonefecit
905 2172 1034 2236 aequales
1055 2186 1119 2222 snos
1139 2177 1205 2224 tana

109 2253 214 2316 petiit.»
229 2275 260 2288 -
273 2251 404 2301 Revocuri
418 2251 526 2314 proprie
543 2250 636 2300 dieun-
675 2252 813 2302 tumruodo
829 2265 844 2300 u
858 2252 1096 2313 praestantissimis
1112 2253 1202 2314 poetis·

109 2336 296 2390 tenaciores,
328 2331 412 2394 quia
439 2330 636 2394 spectatoribus
675 2331 756 2392 digne
770 2331 902 2390 celebrari
922 2343 1000 2393 posse
1014 2331 1128 2392 Augusti
1142 2331 1199 2380 lan·

110 2407 339 2486 prioiv‘aliquum
359 2411 493 2472 insignem
514 2416 636 2472 repetere
675 2411 732 2469 dea,
747 2409 1199 2472 nequeuuquameuminhociorc

112 2491 250 2542 iubentur.
291 2489 348 2541 Cic.
374 2503 424 2552 pro
450 2489 519 2538 Sest.
538 2488 581 2538 58.
602 2513 637 2522 —-
676 2489 821 2539 Alexandri
840 2490 878 2540 M.
896 2490 1029 2550 similem,
1049 2491 1096 2553 qui
1115 2489 1200 2539 Choe-

110 2583 165 2620 noo
185 2565 331 2631 apparere]
353 2581 426 2618 unnn
442 2568 495 2626 de,
516 2571 544 2616 ut
557 2567 637 2616 debe·
675 2569 776 2627 mlum,
796 2570 899 2620 mulum
915 2571 1039 2632 politam,
1060 2570 1133 2634 regie
1154 2583 1206 2618 re..

112 2654 190 2710 rent,
206 2647 483 2710 inoculoscuiusque
497 2647 636 2698 incurrere
677 2653 833 2698 muneratus
854 2649 902 2700 sit.
947 2649 1132 2711 «Quocirca,n
1160 2649 1203 2698 in·

112 2734 140 2780 et
152 2733 243 2780 mente
260 2727 316 2778 eive
331 2727 463 2778 auditoris
479 2727 535 2776 sire
556 2725 637 2774 lento·-
676 2727 748 2790 quit,
775 2729 832 2788 «is,
860 2729 906 2792 qni
929 2729 980 2778 sibi
1000 2729 1126 2778 conscius
1144 2741 1199 2779 nou

112 2809 150 2857 ris
168 2807 285 2869 perspici
304 2807 408 2868 riteque
421 2805 587 2856 aestimari.»
606 2829 635 2838 -
676 2807 710 2856 sit
723 2809 847 2869 sedigno
861 2809 981 2870 Augusto
994 2808 1116 2858 carmina
1129 2821 1202 2858 com-

113 2883 233 2949 iotoreo]
253 2891 282 2936 ut
297 2886 357 2936 itali
371 2886 482 2949 intime,
504 2885 530 2934 in
545 2884 638 2946 primis
678 2887 845 2949 positurum,
865 2890 900 2937 ab
913 2891 963 2938 hoc
973 2889 1080 2950 incepto
1091 2899 1202 2949 prorsus

115 2967 292 3029 de'diligenti
314 2967 378 3016 limo
399 2971 425 3015 et
446 2966 479 3014 de
499 2965 638 3014 recondita
677 2967 839 3016 abstineto.»
873 2991 903 3002 -
935 2964 1075 3029 aedituos]
1098 2967 1202 3017 tirius

114 3047 254 3106 doctrina,
286 3059 318 3094 ox
336 3044 529 3094 'Alexandrinis
552 3043 638 3106 po'e'tis
678 3047 791 3107 Augusti
809 3053 848 3096 est
871 3052 1007 3110 tamquam
1032 3048 1098 3102 deo,
1132 3059 1204 3110 quae
1258 3061 1259 3066 ¹

114 3126 232 3177 marinae
242 3126 349 3175 hausta.
362 3145 393 3160 ·-
404 3120 490 3186 tenet]
502 3121 639 3186 frequenti
678 3127 774 3174 aedem
794 3127 890 3184 habet;
911 3127 1118 3188 politae-igitur,
1140 3138 1203 3175 cunr

115 3207 265 3270 imagines
283 3203 403 3256 lanificio
423 3202 638 3252 duotomrmtna
679 3205 855 3266 panegyricos
872 3204 960 3254 aliave
973 3205 1095 3253 carmine
1107 3206 1135 3252 in
1151 3203 1206 3252 eu·

117 3285 306 3348 elegantiore
331 3283 425 3333 warin
449 3286 641 3344 comparentur
679 3284 748 3346 gusti
778 3283 886 3332 laudem
918 3292 1121 3344 componunt‚·
1141 3288 1206 3332 sunt

115 3363 312 3417 comtenuidlo
322 3376 337 3411 a
347 3361 538 3422 oolododuct03
554 3361 641 3410 'etiam
680 3363 751 3412 illios
763 3365 829 3412 deoc
843 3363 918 3426 quasi
933 3364 1042 3412 aedit-ui.
1071 3363 1114 3412 Sic
1127 3362 1205 3410 enim

116 3445 249 3496 resolute.
288 3439 362 3504 virg.
381 3442 439 3492 Eoi.
459 3441 488 3498 e,
509 3441 543 3490 5:
564 3441 641 3490 dede·
679 3443 842 3505 templorum
865 3443 1009 3500 custodes,
1042 3439 1203 3510 octoadem,

116 3520 639 3576 ctumdiccueoormen.—Pravelectio:
680 3523 828 3573 visentibus
854 3527 967 3571 narrant
995 3520 1111 3584 μύθους
1144 3521 1203 3582 eius

115 3609 250 3668 sperem
268 3605 332 3652 item
351 3603 407 3666 {ore
427 3607 564 3650 emturum
583 3605 640 3648 orta
681 3603 816 3660 numinis,
837 3603 879 3650 eui
895 3601 1048 3650 ministrant
1060 3637 1068 3658 ,
1082 3605 1108 3648 et
1121 3612 1207 3662 quee-

117 3691 157 3735 est
176 3699 207 3735 ex
229 3682 364 3746 frequenti
389 3680 549 3731 contusione
571 3679 641 3727 litte·
680 3669 788 3746 cunque
813 3681 840 3729 in
863 3681 930 3729 eede
952 3681 1009 3742 ipse
1035 3679 1149 3728 donaria
1179 3683 1206 3728 et

117 3777 209 3816 rarum
231 3765 254 3812 Ε
275 3766 302 3812 e't
321 3761 352 3810 F.
375 3785 405 3796 -
424 3756 590 3821 commodus]
613 3763 641 3806 ut
680 3762 756 3822 signa
781 3761 840 3810 visu
866 3760 982 3808 inarime
1013 3760 1096 3820 digno
1125 3761 1206 3820 sunt,

117 3843 167 3894 Od.
188 3843 304 3904 t,8‚l.
323 3839 432 3889 otacilis
455 3851 487 3888 ec
510 3836 639 3896 liberalis,
680 3845 831 3890 monstrent
859 3845 940 3903 etque
973 3837 1140 3888 describunt.
1175 3862 1206 3872 -

117 3919 420 3978 novoriommcnd,
440 3918 641 3982 petellio-
681 3917 825 3982 dimidius]
847 3916 1038 3978 NonSanrius,
1054 3918 1209 3968 sedissen-

117 3997 287 4068 spereoeteo]
308 3995 642 4060 olergismoneribusnos
680 3999 735 4057 sis,
768 3995 908 4060 (Ἰασεύς,
936 3998 971 4046 ab
1000 3997 1078 4056 lose,
1111 3995 1209 4044 Curias

118 4080 251 4132 effictos.»
276 4078 336 4139 Sed
344 4076 457 4128 ridicule
470 4089 641 4139 expressum:
681 4073 811 4147 oppidano)
831 4075 1153 4133 comminuendum,
1173 4074 1207 4122 ds

120 4164 259 4224 aegeotam
284 4172 333 4210 noo
348 4158 473 4219 libem,
506 4161 643 4219 tamquam
682 4169 736 4219 quo
757 4155 811 4206 cir:
821 4155 854 4206 Α.
869 4156 904 4205 Ρ.
914 4155 975 4205 357.
991 4155 1036 4206 uli
1053 4154 1115 4205 vide
1129 4152 1212 4203 seiro-¹

1360 338 1366 365 l
