2928 4794
248 249 333 320 304·
596 273 732 320 uonssn
755 273 992 320 unrsronsnuss

248 409 392 476 Virtutis
413 428 516 474 verse
538 414 653 476 eustos
675 409 869 498 rigidusque
891 414 1045 496 satellem

247 531 344 596 Nune
366 532 399 594 in
422 531 588 616 Aristippi
612 531 724 595 furtim
747 534 930 616 praecepto
952 532 1104 614 relabor,

247 651 292 716 iit
315 651 392 716 milri
414 670 486 731 res,
508 644 581 714 non
598 652 773 748 morelius
794 653 998 740 subiungere
1019 670 1134 717 conor.

300 854 345 904 iv.
382 869 408 904 v.
428 853 471 904 ro.
492 854 641 904 monsone
660 853 744 905 colo.
764 853 829 917 sitq.
849 841 972 904 merom
990 854 1052 914 arri,
1074 867 1088 903 e
1106 854 1189 916 gloss.

247 1011 297 1060 bus
326 1005 584 1068 tempestatibusque
611 1017 771 1068 oompsrsn·
808 1018 861 1069 que
881 1019 911 1056 er
936 1007 995 1055 eius
1019 1005 1149 1055 arbitratu
1168 1008 1278 1070 pendet.
1300 1031 1332 1044 -

246 1095 302 1160 tur2
328 1085 498 1137 coeptans.
521 1085 568 1133 15:
588 1085 771 1134 undneeoml·
811 1085 920 1134 Virtutis
945 1081 1039 1146 verne]
1071 1088 1101 1133 ut
1125 1098 1199 1134 nuno
1223 1084 1331 1146 dieunt,

247 1169 354 1216 tiorum.
369 1164 402 1213 de
421 1164 487 1225 itep.
503 1164 528 1222 1,
543 1161 575 1211 lt:
602 1163 646 1226 qui
658 1176 713 1211 son
724 1163 770 1210 dll-
808 1162 911 1222 idealis,
926 1161 1034 1225 qualem
1044 1163 1127 1214 Stoici
1139 1163 1330 1224 informarent,

247 1244 384 1295 ditaverim
401 1249 441 1290 me
457 1241 620 1305 pravissimis
635 1247 771 1302 tempesto·
808 1254 877 1304 queo
894 1246 1003 1304 propter
1023 1255 1051 1290 ss
1067 1241 1211 1292 coleretur.
1236 1241 1331 1291 Custos

247 1325 316 1374 tiliis
348 1335 379 1370 ao
394 1365 398 1370 .
410 1334 494 1382 poene
528 1319 679 1382 fulminibus
707 1319 771 1380 ipsit
807 1325 897 1368 sutem
924 1324 951 1368 et
975 1319 1077 1368 satelles
1104 1320 1237 1381 imagines
1266 1325 1330 1369 sunt

247 1403 350 1464 obvium
367 1400 444 1462 ferre.
482 1397 563 1448 Corn.
581 1398 649 1460 Nep.
667 1398 721 1446 Ait.
741 1395 768 1457 o,
808 1397 964 1459 desumptae
983 1412 998 1446 a
1015 1400 1111 1446 virtute
1129 1398 1206 1459 quusi
1222 1397 1329 1459 regins,

247 1481 282 1532 1:
314 1492 393 1542 oeque
414 1484 502 1526 tomes
526 1489 552 1526 te
578 1475 694 1525 civilibus
723 1474 771 1541 llu-
807 1477 1256 1540 utquasidedesiipp.2,2,23ll:
1276 1479 1332 1526 oir-

247 1560 327 1610 stilos
356 1555 542 1605 committebat.
588 1555 690 1607 Mereor
719 1567 770 1603 eu·
807 1558 872 1605 totio
887 1557 995 1605 aeditui.
1016 1547 1202 1611 Cie.0iiie.'3‚
1217 1555 1266 1604 28:
1289 1555 1331 1602 io·

247 1643 303 1688 tem
323 1633 522 1698 significatione
536 1633 639 1683 iormeo
653 1632 768 1687 mediae,
806 1636 881 1684 stitia
894 1635 1008 1684 omnium
1021 1640 1058 1685 ort
1075 1634 1183 1682 domimo
1201 1640 1225 1682 et
1239 1633 1332 1696 repino

246 1699 418 1778 stoosiopar,‘
428 1708 560 1774 ἐμαυτὸν
570 1708 721 1776 spretio,
741 1714 769 1758 ui
805 1715 942 1762 virtutum.
981 1713 1026 1761 Est
1051 1713 1134 1774 igitur
1157 1706 1256 1776 φύλαξ
1281 1711 1331 1760 καὶ

245 1791 397 1843 Menander
407 1805 434 1852 p.
448 1789 492 1838 26.
507 1789 560 1839 ii:
580 1788 631 1849 Εἰς
644 1785 770 1852 πέλαγος
806 1787 985 1861 δορυφόρος.
1006 1814 1037 1825 -
1059 1786 1177 1854 riqidus]
1205 1788 1264 1839 Lis.
1284 1789 1329 1847 29,

246 1865 339 1922 αὑτὸν
356 1867 495 1931 ἐμβαλεῖς
508 1864 564 1936 γὰρ
577 1861 767 1936 πραγμάτων.
805 1867 858 1917 to:
886 1867 952 1917 Coto
972 1893 983 1902 -
1002 1893 1013 1903 ·
1034 1868 1136 1930 riqidoe
1152 1867 1328 1916 innocentiae.
1405 1933 1410 1942 .

246 1946 427 2006 Ltr.23,18:
447 1948 476 1994 iss
492 1945 641 2005 uoluptates
659 1957 685 1992 se
703 1956 769 1991 mer·
806 1945 871 1996 Seu.
885 1947 919 1995 ad
937 1945 1016 1997 Helv-
1032 1947 1078 1995 12:
1100 1945 1246 1994 Stoioomm
1266 1944 1331 2008 riqi-

245 2032 344 2076 seram.
382 2023 479 2074 Catuli.
505 2023 553 2082 68,
581 2022 630 2070 13:
661 2022 766 2082 slope,
805 2021 888 2074 de'oe
906 2025 990 2076 virilis
1006 2027 1148 2088 sapientia„
1168 2023 1235 2072 Leni
1250 2023 1330 2093 εἰρω-

246 2107 304 2169 quis
319 2117 414 2153 merser
431 2104 553 2166 [ortunae
570 2100 688 2165 plectiles
702 2101 766 2160 ipso.
805 2105 868 2170 νεὶᾳ
893 2103 976 2153 tineis
995 2108 1058 2153 sunt
1074 2104 1142 2152 haee
1165 2115 1273 2165 quoque
1296 2100 1329 2148 de

245 2173 338 2232 -Est
358 2183 438 2244 igitur
457 2193 583 2243 «prorsus
605 2178 766 2236 absorbeor,
805 2180 894 2230 Stoice
912 2181 1068 2244 discipline,
1095 2194 1165 2243 quae
1187 2193 1269 2243 quem
1289 2191 1330 2226 re-

178 2255 181 2260 ’
247 2261 369 2324 abripior
385 2260 465 2309 rebus
478 2259 635 2317 civilibus»
657 2269 768 2306 somnes
805 2265 877 2308 moin
886 2264 957 2308 esset
970 2273 1059 2310 aneso
1072 2255 1147 2322 (α’πό
1162 2258 1214 2308 τοῦ
1229 2251 1328 2318 ὄντος)

246 2355 321 2390 mess
344 2353 422 2388 cures
439 2339 466 2388 in
489 2338 521 2387 iis
542 2337 659 2400 defigo.»
690 2334 767 2397 Quod
804 2337 956 2400 virtuteque
970 2338 1065 2397 libere,
1086 2337 1168 2385 nullis
1182 2336 1263 2385 coriis
1277 2333 1329 2383 ior-

247 2423 337 2468 temen
364 2430 429 2466 esve
456 2417 558 2466 reseras
579 2417 612 2464 ud
638 2414 766 2475 seriptum
806 2417 885 2466 mulis
896 2415 1031 2476 adstricta,
1042 2429 1122 2466 nemo
1135 2414 1233 2464 meiius
1247 2426 1329 2478 quem

246 2499 448 2561 quaestorium,
482 2493 580 2559 (quem
611 2499 669 2556 post
697 2491 767 2540 belle
805 2496 862 2557 ipse
880 2497 1061 2558 perspexerat.

245 2576 335 2625 civilis
361 2579 548 2636 compararat,
578 2571 625 2620 sed
646 2581 671 2618 e.
692 2583 720 2617 u.
741 2582 765 2617 e.
1186 2623 1191 2636 x

244 2650 393 2704 ito-739.
406 2652 563 2700 iamdudum
577 2641 766 2710 deposuerat);
839 2651 882 2700 18.
897 2651 940 2702 19.
968 2647 1150 2714 tnArlsrtppt]
1171 2649 1227 2699 cte.
1242 2648 1326 2700 Acad.

243 2745 355 2790 serum,
387 2723 505 2788 uldini,
538 2728 565 2776 iu
588 2727 629 2774 his
652 2726 766 2774 locetur.
803 2731 893 2789 242:
914 2731 1012 2779 Eorum
1025 2730 1240 2792 quivoteptntem
1252 2729 1329 2792 finem

244 2809 319 2858 ilaec
337 2812 427 2856 eutem
441 2805 520 2855 lectio
538 2805 601 2854 setis
617 2804 766 2853 iirrnntura
804 2808 929 2857 tonorum
960 2822 1011 2857 esse
1040 2808 1178 2856 noluerunt
1205 2807 1330 2868 princeps

244 2881 764 2948 Porphyrioue,Godd.meissntiquiss.,
803 2887 951 2948 Aristippus
965 2886 1125 2948 Cyrenorum
1147 2897 1162 2932 a
1177 2897 1231 2946 quo
1244 2883 1328 2948 Cyre·

244 2964 372 3015 omnibus
395 2967 421 3012 et
445 2961 566 3011 Oberlini
591 2965 617 3011 et
641 2962 711 3011 Fene
740 2966 765 3009 et
804 2965 874 3013 nuioi
888 2960 1077 3014 s.‘Hdomirol.
1092 2987 1123 2997 -
1142 2957 1250 3026 furtim]
1271 2952 1327 3012 iia-

243 3043 376 3092 Pottierii.
414 3041 505 3090 Altera
523 3055 625 3103 versor,
651 3039 766 3090 auetori-
804 3042 885 3092 litiosi
904 3044 967 3105 qnid
988 3044 1038 3091 hoc
1057 3041 1152 3098 haben
1173 3041 1327 3102 nomquasi

242 3123 305 3171 tetis
319 3134 449 3184 perquam
467 3120 565 3169 dubiae
585 3125 631 3168 eut
648 3116 764 3179 nuliius,
803 3134 864 3170 sum
879 3122 992 3183 puderet
1006 3121 1157 3170 Stoicorum
1173 3121 1328 3169 doctrinam

242 3215 275 3250 eo
303 3213 409 3264 quoque
439 3199 612 3249 incommodo
646 3198 764 3258 laborat,
803 3201 944 3260 deserere,
966 3201 1001 3248 ite
1012 3199 1144 3263 loquitur,
1159 3212 1221 3246 oum
1237 3204 1327 3248 temen

243 3280 315 3343 quod
334 3277 355 3327 si
371 3279 537 3340 accipiamus
553 3289 657 3326 «versor
676 3276 703 3323 in
719 3288 765 3324 ue·
803 3279 910 3340 proprie
930 3278 1034 3327 indoles
1052 3277 1079 3326 in
1099 3277 1188 3325 minus
1209 3277 1325 3339 rigidam

242 3357 322 3420 gotiis
349 3357 525 3416 turbulentis,
558 3357 590 3404 iis
617 3357 764 3416 occupatus
803 3357 1010 3420 mollioremque
1033 3349 1226 3420 propenderet,
1254 3355 1325 3419 quod

242 3449 335 3496 sempr
355 3437 398 3487 six
413 3436 507 3485 abesse
518 3435 621 3497 possint
631 3447 723 3496 praep.
737 3432 765 3481 irs
802 3435 1068 3497 ipsuminv.relolor
1079 3435 1157 3483 inest.
1166 3460 1196 3469 -
1209 3431 1324 3496 Etms'ti]

241 3515 285 3566 vel
298 3516 383 3572 intem·
404 3515 445 3563 sin
458 3515 640 3576 explicamus,
660 3519 689 3562 ut
703 3511 765 3561 iecit
802 3501 849 3564 «Er
865 3515 930 3564 mihi
952 3511 1040 3577 (mene
1064 3514 1194 3564 voluntati
1216 3518 1242 3562 et
1263 3527 1325 3562 con-

240 3594 321 3643 huius
347 3593 409 3642 leot.
441 3592 530 3642 isuior
556 3592 704 3651 otharius,
733 3605 764 3640 ex
802 3591 926 3657 stantiae)
955 3599 1137 3642 resexiernes
1158 3593 1324 3654 subiungere

241 3671 274 3719 iis
295 3683 365 3733 quse
382 3669 460 3720 alieri
481 3670 624 3733 exemplis:
647 3671 762 3727 sisoior,
801 3665 1030 3737 ὑποζευγνύναι;
1055 3668 1148 3734 (gloss.
1161 3678 1202 3719 est
1218 3671 1325 3719 submit·

242 3749 330 3812 agitor
340 3749 420 3798 rebus
434 3748 591 3808 civilibus»
611 3749 672 3807 hoo,
691 3747 763 3810 quod
801 3756 853 3799 tere
871 3747 951 3813 ven.)
971 3763 1070 3808 eonor;
1100 3763 1154 3799 non
1177 3762 1220 3798 rue
1243 3749 1323 3798 rebus

241 3827 333 3887 inviti,
355 3812 764 3880 morbovelsmoreooeetiiu·
801 3829 950 3891 sublungo;
979 3829 1006 3878 in
1031 3843 1063 3878 eo
1091 3829 1173 3892 igitur
1197 3828 1321 3881 elaboro.

240 3905 342 3966 nimus,
365 3912 393 3957 ut
413 3917 544 3958 versemur
570 3904 650 3964 lecto,
670 3905 761 3962 sutili,
801 3912 830 3958 nt
854 3921 941 3971 eoquo
966 3908 1058 3957 animo
1082 3919 1177 3956 omnes
1199 3905 1323 3956 iortunse

239 3991 313 4044 toro,
333 3986 393 4034 orie
409 3981 516 4046 rotas),
537 3983 697 4033 contradicit
717 3999 762 4034 vo·
800 3986 999 4037 vicissitudines
1015 3986 1162 4035 sustineam
1181 3985 1269 4048 iisque
1281 3999 1323 4033 su·

240 4063 337 4112 eubulo
348 4064 435 4132 opilio,
455 4062 526 4126 quod
540 4061 655 4113 volentis
671 4069 712 4114 ost
724 4069 762 4113 et·
801 4065 891 4128 perior
901 4066 966 4124 sim,
988 4065 1051 4116 dum
1067 4064 1148 4123 lesio,
1167 4065 1213 4113 sed
1232 4064 1322 4116 mode·
