2928 4794
243 343 323 425 286
338 331 341 337 ⁴
599 363 741 410 uocarn
761 339 962 408 sarracenae

243 508 285 571 Iu
308 505 420 590 primis
441 503 598 569 Lucanus
620 519 717 587 aper3
739 501 805 565 leui
827 499 1041 565 luitdustro

243 626 387 711 Captus,
408 628 445 688 ut
466 624 578 689 eiebdt
600 640 727 689 coenae
749 625 862 706 petcr3
884 621 975 687 ocrie
992 622 1115 686 circum

241 747 391 830 Reputo,
412 746 581 826 lactucae,
603 741 752 826 radices,
777 743 886 827 quella
908 743 1030 806 lossrrm

242 866 439 932 Pervellunt
460 864 683 951 stomachum,
704 865 806 946 siser,
828 864 931 945 allec,
953 861 1085 928 faecula
1107 861 1190 928 Con.

244 987 307 1052 llis
328 987 384 1052 ubi
405 987 546 1050 sublatis
568 1003 651 1069 puer
673 985 741 1048 alte
764 985 894 1050 cinctus
918 1001 1074 1048 acernam
1288 979 1329 1040 lo

296 1164 319 1215 1.
356 1178 383 1217 r.
402 1164 430 1214 8.
450 1161 572 1225 liuppolo
590 1159 637 1210 bs.
658 1155 726 1223 (nou
744 1153 781 1221 c.)
818 1172 845 1211 v.
864 1158 891 1208 9.
911 1157 993 1208 tectim
1011 1171 1035 1208 c.
1058 1154 1178 1222 (liabent
1189 1157 1255 1206 allec
1268 1152 1327 1222 bs.)

285 1271 323 1320 11.
361 1284 387 1322 v.
406 1269 433 1319 6.
454 1282 518 1331 opor
536 1268 587 1316 lect
605 1267 659 1315 TF.
696 1280 723 1317 v.
743 1267 770 1316 9.
790 1265 862 1314 lotoe
880 1264 911 1314 ll.

275 1377 320 1428 tv.
358 1391 384 1428 r.
404 1376 431 1424 8.
450 1377 544 1439 sonmo
561 1372 646 1424 Codd.
667 1371 733 1434 aliq.
770 1385 797 1424 r.
818 1372 861 1421 10.
889 1372 938 1420 Hic
955 1376 985 1420 nt
1010 1369 1076 1422 Cod.
1095 1371 1214 1433 Fraueq.
1235 1375 1263 1421 et
1281 1371 1327 1422 alii

148 1511 150 1516 χ
244 1447 325 1498 lieae.
348 1446 483 1508 Cuuiuglr.

245 1586 336 1622 cum.»
365 1569 420 1621 Gir.
435 1569 531 1630 Sati,
549 1569 577 1629 2,
600 1567 644 1619 18.
666 1592 696 1604 -
716 1567 767 1618 Ln-
805 1567 888 1616 metro
905 1566 946 1616 vel
961 1579 1083 1631 ccporo.
1111 1563 1230 1618 ductore
1248 1566 1327 1617 Celso

179 1637 185 1646 ’
244 1648 339 1713 conor]
360 1650 415 1700 Sat.
430 1650 456 1709 2,
471 1648 497 1708 9,
512 1648 575 1698 239.
603 1647 689 1710 Caput
707 1660 767 1697 coe·
805 1647 832 1705 2,
846 1647 878 1695 91
893 1642 985 1695 εῑῖᾰι
1005 1647 1052 1696 ctat
1067 1645 1133 1695 malt
1150 1648 1328 1696 nacci-wlo-

245 1743 298 1782 nae
316 1731 366 1779 hoc
379 1730 487 1779 videtur
503 1726 602 1786 tuisse,
623 1741 688 1789 aper
701 1727 768 1775 iute·
804 1727 896 1774 mocleo
909 1731 1001 1787 aptum
1014 1732 1060 1775 est.
1076 1747 1108 1758 -·
1121 1721 1200 1788 allec]
1221 1725 1327 1774 Fisch-

246 1824 311 1874 per,
333 1809 380 1858 sed
398 1809 488 1868 inepte
510 1806 597 1869 primo
613 1806 765 1868 appositus,
805 1804 885 1854 tole.
918 1829 949 1839 -
973 1805 1075 1868 soeculo
1100 1801 1172 1868 Coo]
1214 1804 1325 1854 Suidasz

245 1883 767 1938 utconiectarelicctelloenaTrimal·
805 1881 916 1946 φέκλη,
943 1878 1015 1952 τρὺξ
1039 1879 1123 1933 οἴνου
1148 1883 1324 1946 κεκαυμένη.

246 1966 361 2018 chionis.
392 1963 500 2012 Petron.
522 1962 567 2011 to.
593 1988 625 1997 —
650 1961 768 2025 locifuit
805 1961 892 2009 Etiam
911 1960 978 2009 haec
996 1962 1165 2010 stomachum
1183 1961 1327 2010 excitantia

244 2039 359 2105 Austro]
380 2052 451 2091 «uon
464 2040 545 2089 nimis
558 2039 690 2099 servid0,n
713 2053 766 2102 quo
805 2039 887 2090 nimie
913 2039 1066 2088 cumularat
1091 2040 1173 2088 homo
1202 2051 1324 2088 scaevus.

245 2123 325 2173 tacilc
347 2122 375 2170 iu
393 2119 563 2182 putredinem
583 2115 699 2177 abisset,
719 2117 766 2166 sed
804 2118 969 2181 comparant
989 2119 1091 2169 Seneca
1117 2119 1149 2168 de
1170 2118 1279 2169 Provid.
1301 2117 1326 2179 3,

245 2202 310 2256 leni,
330 2199 364 2248 ad
382 2199 588 2248 hoedumtarat
605 2195 764 2256 sufficiente,
803 2197 834 2246 d:
863 2198 951 2259 Quid?
969 2198 1069 2261 [elicior
1081 2205 1144 2247 caret
1164 2192 1324 2262 (Fabricius)

244 2287 274 2330 ut
290 2291 352 2328 caro
366 2278 437 2326 lasso
448 2278 534 2342 fieret,
553 2276 581 2325 to
593 2281 644 2332 est,
665 2277 766 2338 repnte·
803 2300 814 2310 -
826 2300 838 2311 ·
855 2277 878 2324 ct
897 2277 1036 2338 conchyliis
1052 2279 1139 2338 superi
1159 2283 1237 2340 atquc
1249 2277 1328 2340 inseri

246 2364 293 2407 ta:
324 2352 364 2420 (ut
379 2361 453 2423 recte
469 2360 509 2406 est
529 2355 556 2403 ln
575 2353 766 2417 Porphyrionis
803 2354 885 2404 morte
895 2355 1328 2418 piprttlomctomacteinauceontta

244 2436 294 2486 Ed.
314 2435 436 2498 principe
452 2435 555 2490 Veneta
572 2432 665 2491 1t81.;
686 2433 766 2494 volgo
804 2434 932 2499 eriperet?
950 2435 973 2483 at
987 2435 1087 2497 inponit
1100 2448 1242 2496 pomorum
1257 2440 1327 2483 strate

244 2520 370 2577 corrupte
387 2508 550 2576 irrequieto.)
577 2510 703 2561 Ceterum
725 2524 766 2559 re·
804 2514 1328 2577 cleperetprimocformoeteros,coptos

245 2599 316 2644 ctam
336 2591 547 2650 distinctionem,
564 2587 657 2653 (quam
671 2583 766 2639 obscu·
803 2592 1152 2641 mcttccoedcoenonte'omt
1172 2593 1272 2642 Verum
1283 2593 1327 2641 hie

244 2674 314 2723 ravit
323 2667 409 2732 Fea):
430 2683 510 2732 oper:
531 2670 582 2718 leni
591 2669 697 2731 repperi
711 2669 765 2717 iam
804 2669 992 2731 significantur
1009 2671 1072 2730 port
1091 2669 1132 2718 illi
1151 2670 1234 2718 catilli
1259 2669 1326 2732 (Sat.

244 2751 273 2800 in
286 2751 354 2821 Yon.
370 2748 448 2797 1481.
470 2747 530 2796 Ald.
546 2747 624 2796 1519.
803 2750 835 2808 ⁶2,
861 2749 893 2808 lt,
921 2744 977 2812 73.)
1007 2749 1126 2798 minores
1151 2749 1325 2811 rapulorum,

278 2828 374 2877 7-9.
411 2839 505 2874 coccae
525 2822 620 2888 poter]
644 2830 674 2873 ut
694 2825 765 2886 apud
804 2826 897 2876 allecis
920 2825 1086 2886 cet.‚'inter
1112 2840 1180 2889 quos
1206 2829 1326 2876 medium

244 2906 292 2956 Gr.
326 2901 423 2970 πατὴρ
452 2902 562 2969 λόγου,
598 2900 764 2968 δόγματος,
803 2904 894 2954 locum
911 2905 1061 2967 occupabat
1073 2906 1131 2968 apri
1146 2906 1207 2954 lanu
1218 2907 1324 2968 ingens.

246 2997 365 3034 «coenae
382 2983 524 3041 dominns,
545 2982 665 3032 convivis
684 2982 766 3042 signi·

243 3063 307 3112 licat
331 3062 461 3125 optimam
491 3073 563 3109 uuno
590 3060 677 3123 ipsum
706 3074 765 3109 esse
839 3064 940 3113 10.11.
959 3060 1130 3126 oltccinctur]
1151 3063 1323 3113 SiePhacdr.

245 3143 315 3193 lranc
336 3153 523 3204 aprugnum»
553 3140 617 3187 dnm
644 3153 673 3188 re
701 3153 764 3188 vera
803 3142 1325 3200 2‚5‚11:Ecatttctncaeisunusotrien-

244 3233 374 3271 excusare
400 3223 513 3269 conatur
536 3219 595 3268 eius
625 3224 763 3280 putorem,
801 3221 880 3268 aidan.
901 3219 975 3269 Suet.
986 3207 1043 3269 Cal.
1057 3219 1105 3268 26:
1127 3221 1342 3283 topotosnod.

244 3301 279 3349 ob
292 3311 407 3361 eamque
425 3299 511 3360 ipsam
529 3310 639 3346 causam
657 3302 695 3346 tot
709 3297 765 3346 ciu-
799 3300 876 3361 pedes
892 3305 963 3348 stare
979 3301 1118 3350 succinctos
1136 3300 1215 3348 linteo
1229 3312 1325 3360 pascua

243 3385 314 3430 ctam
328 3379 409 3427 rebus
419 3378 548 3440 apponit,
569 3389 638 3439 quae
655 3371 764 3438 quidem
802 3385 849 3428 est.
870 3378 1009 3440 Significat
1023 3378 1104 3440 igitur
1116 3378 1254 3427 ministros
1268 3379 1324 3428 ciu-

244 3471 299 3507 non
310 3470 411 3507 coenae
423 3457 516 3515 initio,
537 3454 583 3504 sed
598 3455 696 3504 lassato
711 3457 764 3504 lam
802 3453 858 3506 ctos
885 3456 968 3506 luisse
998 3457 1095 3506 tunicis
1122 3457 1213 3505 linteis
1239 3469 1323 3518 prope

242 3536 393 3589 uentriculo
403 3535 474 3596 apud
485 3534 553 3582 allos
564 3535 688 3596 praeberi
701 3548 764 3584 con·
800 3538 895 3599 inpueo
907 3537 942 3585 od
952 3536 1101 3584 obscaenum
1114 3537 1244 3586 subductis
1255 3532 1322 3598 (Sat.

241 3616 376 3662 suessent.
411 3635 442 3646 -
468 3612 574 3672 nepotc
600 3608 670 3673 cet]
707 3611 764 3660 lia-
802 3615 827 3674 1,
841 3615 868 3672 2,
882 3610 938 3676 26.)
954 3628 1006 3677 qna
1020 3615 1053 3664 de
1067 3628 1096 3664 re
1110 3615 1179 3663 ridet
1192 3613 1323 3666 Servilius

240 3689 566 3747 decoctiunculam,
581 3690 762 3739 linteolo·
800 3707 826 3743 v.
841 3692 885 3742 70.
918 3693 1323 3756 lltenimirrlrocqnoquelu-
1391 3703 1397 3708 ·

243 3765 409 3828 Porcellum]
427 3781 521 3816 ·«cnm
546 3768 663 3829 quadam
692 3768 764 3818 dele·
801 3773 917 3833 eptiebat
929 3773 1099 3830 Nasidienus,
1120 3772 1192 3835 quod
1210 3773 1261 3821 lato
1276 3773 1323 3820 lra-

178 3898 184 3906 x
242 3846 360 3895 ctationc
371 3851 503 3907 pungunt,
524 3846 680 3894 suscitant.»
695 3845 761 3896 Aen.
801 3851 856 3900 bitu
875 3851 1026 3912 voluptario
1044 3851 1232 3901 Maecenatem
1249 3851 1323 3903 vole-

247 3951 275 3964 -
296 3919 378 3985 cicer]
408 3923 587 3985 liopnnzct.
625 3923 695 3972 Plin.
718 3925 760 3985 20,
801 3930 1323 3992 hetdelectare;quemhabitumegro·

242 4004 292 4056 17:
319 4004 383 4052 aiter
402 4027 413 4037 ·
433 4027 443 4037 ·
462 4004 622 4050 atamachum
648 4004 761 4064 ccciccc,
800 4007 1321 4070 gledescribitPhilodevitacoutempl.

239 4083 377 4150 soatidtnm
389 4081 531 4146 alstemi,
551 4095 583 4130 coc
596 4087 669 4129 aceto
682 4082 762 4131 toser-
800 4087 848 4135 lid.
867 4086 982 4150 Maugcy
1001 4086 1033 4134 T.
1048 4086 1071 4135 1.
1090 4100 1116 4149 p.
1134 4085 1203 4135 1478:
1223 4086 1324 4138 διακο-

238 4164 340 4226 pttioto
358 4168 488 4224 comptum
512 4167 559 4210 oct
580 4175 613 4211 eu
629 4163 719 4224 pipere
738 4168 762 4212 ct
799 4160 865 4215 νικὰ
894 4159 1080 4236 ἀνδράποδα,
1106 4159 1322 4236 εὐμορφότατα
