2920 4792
518 331 581 378 niu.
603 332 637 378 u.
681 333 753 380 sur.
775 331 833 378 vn.
1129 306 1209 377 267

129 470 334 554 Mencipium
357 467 487 532 domino
513 471 547 532 et
568 469 658 556 frugi
681 468 768 552 quod
791 470 835 533 sit
855 469 953 545 sutis,
975 467 1039 534 boc
1060 471 1127 551 est,

128 589 176 654 Ut
197 591 302 654 vitale
326 591 433 672 putes.
475 589 571 676 Age,
593 588 748 652 libertate
770 587 964 663 Decembri,

131 706 272 788 Quando
296 710 342 770 ite
365 709 507 772 maiores
529 708 724 786 voluerunt,
745 709 856 789 utere3
882 723 990 770 nerra.
1190 702 1210 763 5

130 825 216 890 Pers
238 826 403 890 bominum
425 827 518 890 vitiis
538 823 666 912 gaudet
689 827 884 890 constanter
906 828 939 889 et
961 829 1061 913 urget

130 945 360 1030 Propositum3
383 962 462 1027 pars
482 943 586 1008 multa
607 945 719 1023 natet,
740 941 837 1008 modo
858 946 953 1010 recta
971 961 1170 1029 capessens,

132 1137 267 1188 Nimirum
293 1137 382 1197 cogita
406 1135 549 1186 Horatium
576 1141 655 1186 autea
692 1135 839 1209 mebeten,
856 1133 993 1208 Πονηρὸς
1011 1129 1109 1186 ἔσται·
1128 1149 1214 1202 μετα·

132 1214 185 1263 alta
204 1227 274 1265 voce
291 1214 390 1276 legisse
410 1213 509 1264 librum
526 1215 570 1266 vel
586 1215 658 1264 iuter
693 1212 775 1266 δδδου
793 1208 978 1287 παρ’ῥησίας·
992 1213 1146 1274 βέλτιστον
1162 1207 1214 1265 ου’-

133 1291 308 1340 scribendum
333 1291 448 1342 subinde
470 1304 563 1342 seeum
583 1292 657 1342 locu·
695 1290 748 1342 τὸν
759 1290 851 1343 τοῦτο
863 1288 981 1356 ποιήσει
992 1288 1078 1342 πολύ.

132 1373 275 1427 comesum
289 1367 451 1422 vaferrimus
464 1374 555 1418 autem
565 1381 657 1421 seruus
728 1369 816 1419 3-7.
835 1365 917 1432 [rupi]
938 1365 1094 1439 «χρηστὸς,
1108 1368 1214 1430 frugale

133 1447 183 1494 solt
204 1447 317 1508 quidem
339 1447 419 1495 bodie
441 1445 595 1495 Saturnalia
616 1458 658 1494 ce·
696 1452 775 1510 atque
791 1447 960 1496 obedientiae
977 1446 1097 1508 plenum,
1112 1448 1146 1496 ab
1159 1459 1216 1496 om-

133 1523 249 1584 lebrari‚
277 1525 368 1586 itaque
385 1523 436 1571 sibi
450 1523 602 1572 libertatem
620 1521 658 1571 lo·
696 1523 1123 1586 niqueiurtoabstinens‚braum
1134 1535 1214 1584 saepe

133 1602 659 1664 queudiooucessamesse‚qususurus
697 1602 842 1652 deservis.
864 1601 927 1650 Ter.
947 1600 998 1650 Ad.
1017 1600 1042 1659 5,
1060 1600 1087 1656 9,
1106 1601 1136 1649 1:
1165 1599 1216 1649 Ite·

135 1693 163 1728 se
182 1679 257 1730 velut
273 1679 370 1727 ulcisci
389 1679 559 1740 aliquatenus
576 1679 660 1740 possit
697 1693 757 1729 mes
782 1680 816 1728 ad
845 1680 956 1742 Syrum:
983 1681 1054 1743 [rupi
1077 1679 1153 1726 loono
1179 1690 1214 1725 cs.

135 1757 167 1806 dc
179 1757 323 1813 molestiis,
340 1757 440 1818 quibus
453 1769 503 1819 per
514 1761 599 1805 totum
613 1768 661 1803 an·
697 1757 847 1820 opponitur
864 1770 984 1820 meum.
1015 1755 1071 1805 Cic.
1090 1755 1171 1803 Tusc.
1187 1753 1215 1803 3.

17 1881 18 1884 ,
126 1849 200 1898 ¹num
222 1835 355 1884 obnoxius
377 1833 477 1893 tuerit3
498 1847 549 1883 uec
568 1837 660 1882 tamen
698 1832 726 1896 ἕ.
744 1834 788 1884 13.
817 1859 845 1871 -
876 1840 907 1883 ut
926 1829 1021 1894 vitulo]
1049 1833 1097 1881 oln
1112 1837 1217 1882 tautum

135 1913 288 1976 protervius
302 1912 331 1961 iu
341 1912 497 1961 cubiculum
510 1912 660 1973 irrumpere
699 1925 758 1961 sum
771 1911 852 1974 frugi,
867 1925 948 1975 quam
961 1911 1025 1960 satis
1039 1911 1072 1960 sit
1080 1924 1129 1973 pro
1138 1915 1222 1972 cuptu⁴

135 1992 226 2051 audet,
249 1994 385 2050 metuens,
405 2004 440 2039 ne
457 1989 527 2039 torte
544 1989 578 2037 ab
595 1990 661 2037 bero
699 2004 730 2039 ac
754 1990 863 2039 modulo
889 1989 1075 2048 servulorum3
1107 1987 1218 2050 gloriari

136 2068 213 2118 illam
231 2068 386 2118 libertatem
407 2069 497 2117 miuus
521 2070 662 2116 revereute
700 2069 773 2117 enim
791 2081 845 2117 non
858 2072 899 2116 cst
912 2080 1013 2126 meum,
1032 2079 1121 2128 neque
1135 2065 1218 2114 talem

52 2221 53 2224 Ἴ
138 2146 211 2196 male
226 2147 370 2196 mulcetur·
396 2143 569 2195 lleiudorfius
583 2157 661 2206 expo·
699 2159 743 2195 me
761 2146 855 2195 baberi
873 2145 992 2207 postulo,
1020 2145 1064 2193 cui
1086 2157 1150 2206 prae
1170 2144 1219 2192 im·
1318 2145 1321 2150 '

137 2227 189 2274 suit
210 2225 245 2273 de
268 2238 346 2276 servo
368 2226 397 2273 iu
420 2224 523 2274 foribus
544 2222 662 2274 cubiculi
699 2223 812 2272 modicis
833 2223 976 2272 virtutibus
992 2225 1113 2271 metuant
1133 2221 1220 2271 bomi-

136 2307 285 2366 apparente
302 2307 383 2364 atque
401 2303 460 2352 beri
479 2303 553 2352 iussa
571 2313 663 2363 erepe-
699 2313 758 2360 nes‚
773 2313 807 2349 ue
820 2300 873 2349 cito
886 2301 1046 2349 moriatur.»
1065 2297 1144 2350 Ouid.
1155 2298 1218 2348 Am.

137 2385 225 2431 eunte
253 2375 474 2443 (coaxatione)
502 2382 549 2430 sed
574 2391 663 2441 neque
699 2381 726 2440 2,
740 2378 833 2448 3,,39ε
859 2377 966 2439 Optima
983 2379 1073 2438 prima
1090 2378 1142 2439 scre
1161 2375 1220 2428 Μο-

137 2459 187 2508 boc
197 2457 327 2507 convenit
336 2457 522 2508 Saturnalibus
533 2463 569 2517 et,
580 2471 662 2520 quem
699 2457 773 2506 nibus
805 2456 949 2516 rapiuntur
975 2455 1075 2503 ουανίε.
1118 2453 1221 2502 Seneca

137 2535 231 2595 affert,
257 2535 369 2584 Plautus
391 2535 501 2586 Trucul.
522 2537 547 2596 1,
567 2537 594 2596 9,
614 2535 661 2584 10:
701 2535 828 2585 Controv.
857 2533 882 2592 1,
913 2533 938 2580 1.
969 2532 1002 2580 de
1026 2529 1097 2579 Alfio
1121 2531 1233 2582 Flavus

137 2614 173 2662 ud
189 2614 260 2675 sorec
275 2613 422 2668 auscultato
442 2613 663 2676 arcesserentur
701 2613 805 2673 Semper
822 2611 852 2660 dc
868 2610 940 2659 ilites
959 2610 1063 2673 tepente
1080 2608 1179 2662 Cestius
1198 2613 1223 2657 et

138 2689 219 2749 ονδδε,
231 2690 264 2738 de
275 2689 399 2746 ianitore,
414 2691 458 2739 cui
471 2691 516 2740 bic
526 2691 662 2741 loeusuon
698 2690 863 2754 praedicauit
880 2694 904 2739 ct
922 2689 1021 2736 timuit.
1057 2686 1149 2737 Aiebat
1168 2692 1224 2735 tam

140 2774 188 2824 est,
210 2768 342 2830 loquitur.
373 2767 464 2820 ltlinus
483 2769 574 2828 etiam,
594 2780 664 2830 quae
700 2771 839 2818 immature
862 2779 986 2830 mapnum
1015 2766 1146 2828 incenium
1169 2777 1224 2814 nup

138 2847 188 2896 luit
203 2847 324 2896 Bentleii
336 2847 438 2908 opinio,
452 2847 519 2898 llari
535 2847 618 2897 verba
630 2845 663 2894 ad
701 2861 753 2896 erse
767 2845 858 2895 uitale.
884 2869 915 2880 -
943 2844 1061 2894 libertate
1079 2837 1222 2904 Deccnsbri]

140 2925 350 2988 praecedentem
368 2926 487 2987 satiram,
503 2937 621 2987 quacum
636 2923 665 2972 iu
703 2922 781 2989 (adi,
794 2929 824 2974 ut
838 2923 930 2973 omnia
944 2923 1055 2972 uomina
1069 2922 1205 2971 mensium
1215 2935 1231 2969 ιι

140 3003 225 3054 Codd.
250 3003 392 3052 nonnullis
411 3004 598 3064 coniungitur,
625 3013 666 3050 re·
703 3001 962 3064 maleigiturtlodd.
977 2993 1224 3064 attollerentur.)

139 3081 205 3130 terri
225 3085 349 3143 possunt.
377 3103 411 3120 -
439 3077 590 3144 reformido]
611 3093 666 3129 me·
704 3083 884 3144 inperpetuo
905 3079 1226 3142 illoquasibelloiuter

141 3171 287 3210 moresne
308 3159 446 3221 proverbii
462 3161 533 3222 apud
552 3159 591 3210 lli.
612 3157 668 3207 Au·
704 3160 828 3208 domiuus
846 3172 878 3208 ac
897 3171 999 3216 servos,
1021 3157 1058 3211 bi,
1081 3160 1110 3204 ut
1128 3155 1165 3203 ait
1177 3154 1226 3203 Ar·

141 3238 227 3288 tonin.
249 3238 292 3296 11,
312 3237 362 3286 30:
390 3235 503 3300 Δοῦλος
524 3238 667 3300 πέφυκας,
705 3237 774 3287 riau.
786 3235 871 3296 Epict.
884 3234 911 3293 lt,
923 3235 948 3293 1,
963 3233 1019 3293 58„
1039 3232 1225 3281 Saturnalibus

141 3312 177 3366 oo
197 3317 320 3380 μέτεστί
341 3329 391 3364 σοι
410 3311 515 3381 λόγου.
546 3338 574 3349 -
605 3311 666 3375 ltu]
704 3310 817 3375 ἀνοχὰς
836 3309 981 3376 (inducias)
1001 3312 1146 3360 habebunt.
1172 3309 1227 3359 llo-

142 3395 191 3443 «lu
203 3393 349 3456 colloquiis
359 3407 445 3442 uuum
458 3395 498 3443 itu
512 3397 595 3443 totam
608 3405 669 3442 seu·
706 3391 767 3441 ratii
789 3390 955 3453 temporibus
973 3389 1180 3438 celebrabantur
1198 3400 1224 3436 a.
1300 3426 1304 3436 .

142 3473 257 3521 tentiam
271 3471 389 3534 affirmat
400 3473 593 3534 responsione:
601 3471 667 3534 ja.»
706 3469 732 3518 d.
749 3469 821 3517 xvi.
840 3468 902 3517 Kal.
923 3468 982 3517 lau.
1003 3463 1058 3528 (17.
1072 3460 1150 3526 Dec.)
1170 3463 1225 3514 cn.
1316 3519 1320 3523 ,

142 3551 223 3601 Hans
243 3551 322 3600 Ture.
341 3551 368 3600 3.
380 3565 407 3613 p.
417 3551 479 3601 193.
499 3575 530 3586 -
547 3546 668 3611 omnum]
706 3548 762 3598 Set.
773 3547 799 3607 2,
811 3546 837 3606 3,
848 3547 875 3595 5.
887 3569 918 3580 -
932 3541 1090 3606 constanter]
1112 3555 1227 3606 uaeque·

144 3629 265 3679 udomini
286 3629 436 3679 studiosum
454 3629 533 3692 eique
557 3628 669 3678 lidum.»
707 3625 812 3681 biliter,
838 3625 874 3674 ita
891 3628 920 3673 ut
938 3624 966 3673 iu
984 3623 1116 3687 pravitate
1131 3621 1228 3670 saltem

145 3705 363 3758 Φιλοδέσποτον
382 3705 415 3757 ἐκ
432 3705 486 3757 τοῦ
501 3705 670 3767 συνειδότος
707 3703 759 3754 sibi
775 3708 906 3754 constet.»
935 3728 963 3739 -
992 3698 1080 3766 urpct]
1103 3701 1228 3751 suaviter

146 3785 228 3835 talem
255 3792 367 3837 servum
395 3785 514 3848 appellat
534 3784 612 3833 Pbilo
642 3784 670 3834 in
708 3782 907 3846 persequitur.»
936 3781 997 3830 Tib.
1012 3782 1037 3841 1,
1051 3781 1078 3840 9,
1092 3779 1123 3829 8.
1143 3785 1230 3828 terroe

144 3863 225 3913 Libro
244 3863 312 3925 Quis
334 3876 388 3912 rer.
407 3864 462 3914 div.
480 3864 539 3913 ber.
561 3861 621 3910 Vol.
642 3861 669 3910 l.
705 3862 817 3910 rusticus
834 3865 909 3923 urpct
923 3871 1000 3920 opus.
1021 3883 1052 3893 -
1071 3853 1160 3917 natat]
1181 3857 1229 3905 uti-

144 3940 183 3990 Pl.
206 3955 233 4004 p.
252 3941 293 4002 4.,
314 3954 346 3990 er
369 3953 422 4002 quo
442 3941 503 3990 loco
521 3939 672 3990 Menander
708 3937 799 3997 tubat,
831 3939 884 3986 buc
914 3944 994 4000 atque
1024 3937 1090 3986 illuc
1115 3935 1228 3984 fertur.»

145 4017 228 4070 Mein.
241 4033 269 4080 p.
281 4019 345 4068 131.
361 4018 399 4068 sic
413 4018 600 4068 emendandus
614 4021 670 4066 est:
707 4016 803 4068 Manil.
822 4015 849 4075 t,
868 4015 934 4064 256:
963 4017 1031 4064 Hinc
1051 4021 1076 4064 ct
1096 4011 1229 4066 mobilitas

139 4091 183 4148 ’Ἀν
213 4094 306 4152 πάνθ’,
335 4091 352 4147 ὁ
384 4095 490 4160 δοῦλος
514 4091 671 4162 ἡσυχάζειν
707 4107 794 4146 renem
805 4090 1128 4156 motatopoouaepetdeos
1139 4095 1228 4138 notat.
