2822 4794
249 289 300 358 14
610 309 749 358 aaaron
770 309 971 357 sarraaaon

287 449 471 538 Adsideat,
492 450 640 516 fomenta
662 453 777 536 paret,
798 449 958 518 medicam
984 453 1099 538 roget,
1122 452 1167 514 ut*
1182 453 1215 513 te

287 565 438 639 Suscitet
459 590 500 638 ae
522 573 611 637 natis
631 571 752 638 reddat
767 572 921 657 carisque
931 562 1160 656 propinquis?

287 693 364 759 Non
385 695 622 760 uxor-salvum
643 697 679 758 te
700 693 789 778 voit,
812 713 879 774 non
902 693 1003 777 fitius3
1025 709 1141 757 omnes

287 814 397 883 Vicini
420 814 580 900 oderant,
600 817 689 902 noti,
710 817 805 900 pueri
827 819 929 900 atque
950 816 1092 900 puellae.
1289 807 1331 870 85

287 936 439 1025 Miraris,
461 954 534 1003 eum
557 940 593 1001 tn
615 939 759 1025 argento
782 939 859 1020 post
883 939 991 1002 omnia
1012 952 1134 1021 ponas,

286 1052 326 1125 Si
348 1077 444 1123 nemo
466 1059 619 1143 praestet
642 1075 737 1142 quem
758 1077 827 1121 non
849 1059 1008 1122 merearis
1029 1047 1203 1122 amorem?

286 1176 361 1267 An,
384 1181 414 1243 si
435 1180 616 1268 cognatos,
638 1180 730 1243 nulio
751 1183 873 1244 natura
894 1180 1010 1245 labore

288 1297 382 1380 Quos
403 1301 464 1366 tibi
486 1298 560 1383 dat,
581 1302 728 1366 retinere
749 1302 837 1366 velis
857 1317 1061 1384 servareque
1080 1300 1224 1383 amieos,

261 1539 320 1660 οιἸ.
349 1539 801 1663 1ἆ.83.αστεάιίαερηιιειὶε855.
822 1500 948 1606 (nans.)
984 1554 1012 1592 v.
1031 1539 1076 1592 88.
1098 1537 1198 1602 Anst]
1224 1539 1274 1591 BS.
1296 1541 1332 1591 At
1395 1535 1397 1600 Ῐ

243 1623 268 1661 n
305 1624 330 1661 e.
380 1645 387 1661 .
707 1644 710 1648 ·
1396 1625 1397 1656 1

285 1719 321 1768 11·
358 1716 774 1770 asserentesque.
811 1717 905 1770 aas.
928 1715 1277 1768 Atanar.nnso...r
1298 1717 1330 1766 a.

245 1788 345 1839 eCod.
366 1789 526 1840 sorbonico.
1396 1803 1398 1832 ὲ

273 1896 319 1945 lv.
355 1911 382 1948 v.
401 1895 446 1945 88.
464 1896 500 1945 Ae
519 1897 542 1944 st
560 1894 644 1946 Codd.
664 1894 742 1957 Regii
759 1895 839 1945 7975.
860 1899 886 1944 et
903 1893 982 1944 8216.
1003 1893 1144 1943 Heindorf.
1165 1895 1200 1943 Et
1218 1895 1241 1942 si
1258 1895 1332 1944 Mar-

245 1965 336 2017 eiiins.
354 1965 406 2016 Ant
418 1968 441 2016 si
460 1965 621 2030 Stephanus.
644 1965 675 2015 tn
687 1967 710 2015 si
727 1965 830 2028 Reisig.
848 1966 907 2015 Non
918 1967 941 2014 si
954 1964 1110 2016 Markland.
1129 1964 1208 2028 Atqui
1221 1965 1330 2015 Baiter.

244 2168 275 2214 ut
300 2163 401 2212 diutins
421 2161 470 2214 tibi
490 2161 645 2211 cubandum
668 2164 766 2212 esset.»
804 2161 828 2210 si
845 2162 901 2223 qais
915 2164 967 2210 set.
985 2159 1099 2210 Minime
1113 2173 1192 2210 vero:
1213 2173 1332 2210 nemea·
1396 2150 1397 2159 ’

196 2247 201 2255 ’
246 2242 349 2292 Seneca
363 2241 412 2304 Ep.
429 2240 482 2290 67:
502 2241 557 2304 Apo
578 2241 682 2305 pretias
699 2253 768 2288 sene·
806 2241 895 2300 ritate,
906 2239 1331 2302 induigentialiberalitatesaeit-
1396 2251 1397 2262 ¹

245 2322 320 2380 anti,
340 2321 409 2383 qaod
429 2333 469 2369 me
486 2318 577 2370 laetato
594 2318 693 2383 affixit.
723 2317 768 2381 As·
805 2319 998 2379 limeeffiaies,
1018 2325 1049 2368 ut
1057 2325 1083 2368 te
1092 2325 1184 2368 ament
1193 2322 1329 2392 cognati.»
1397 2339 1398 2344 =

244 2400 315 2466 fliait
327 2399 448 2458 notioni,
469 2411 538 2460 quae
552 2398 596 2446 hio
609 2397 766 2460 requiritur,
807 2423 838 2434 -
857 2399 960 2447 Eodem
974 2399 1030 2447 tere
1043 2400 1114 2448 redit
1126 2399 1211 2449 Codd.
1223 2400 1288 2462 aliq.
1303 2405 1330 2449 et
1397 2415 1398 2426 ¹

244 2483 337 2542 aptum
351 2493 405 2528 non
419 2484 473 2535 est3
494 2478 663 2528 essetenim:
684 2491 766 2525 «enm
805 2477 951 2528 Moineokii
970 2477 1003 2526 At
1017 2479 1055 2536 si,
1075 2479 1119 2526 oui
1139 2479 1329 2528 exclamationi
1397 2507 1399 2536 a

245 2557 273 2610 vi
299 2562 325 2607 te
351 2557 421 2607 teoto
444 2557 548 2606 illidit.»
570 2583 600 2594 -
620 2553 765 2617 Adsideat]
806 2559 869 2605 item
880 2557 1115 2618 respondendnm:
1134 2559 1329 2622 «Nequaquam

244 2635 338 2686 Celsus
357 2637 383 2697 3,
398 2636 434 2686 la:
457 2637 539 2684 Unam
550 2636 616 2684 illari
631 2641 677 2691 est,
699 2633 768 2696 qaod
805 2634 954 2696 protecto.»
984 2635 1109 2684 Attamen
1130 2635 1206 2686 nuile
1228 2637 1272 2686 hio
1289 2643 1330 2686 est
1398 2645 1399 2687 t

243 2728 356 2776 semper,
376 2715 544 2778 qaodnbiqae
551 2714 706 2762 servandam
719 2718 765 2771 est,
805 2713 946 2772 antithesis
967 2727 1030 2763 onm
1046 2729 1090 2765 vv.
1107 2715 1151 2764 86.
1166 2715 1209 2764 87.
1229 2717 1330 2777 Recepi

244 2800 275 2842 nt
294 2795 369 2858 aepre'
388 2795 457 2842 otras
481 2794 588 2842 sabinae
612 2791 767 2840 assidens
805 2797 897 2840 antem
906 2791 956 2852 An,
977 2794 999 2840 si
1009 2793 1106 2854 partim
1116 2799 1226 2857 propter
1238 2801 1329 2843 auoto-

243 2873 356 2921 medteas
367 2873 502 2933 inspiciat,
514 2895 546 2906 -
557 2865 683 2930 Saseitet]
704 2868 768 2917 «ho-
805 2869 1000 2920 ritatemCodd.
1010 2872 1152 2934 antiquiss.
1160 2873 1221 2932 88..
1231 2876 1327 2936 partim

245 2964 309 3000 nam
326 2951 509 3002 valetudinem
528 2951 577 2999 tibi
592 2949 742 2998 restituat.»
805 2953 835 2998 nt
853 2950 1005 2999 variaretur
1026 2951 1113 3000 oratio
1132 2957 1191 3014 post
1210 2953 1327 3002 similem

280 3031 405 3081 84-91.
453 3031 513 3080 Non
539 3025 624 3090 anor]
657 3027 766 3076 «Immo
804 3029 1037 3080 formulamvso.
1055 3031 1328 3080 Contrareiioiendae

244 3123 326 3159 nemo
345 3110 384 3160 tui
401 3117 494 3158 earam
517 3108 612 3170 gerit.»
635 3131 666 3142 -
690 3109 768 3169 paeri
806 3115 868 3158 sant
886 3109 1008 3170 retiquae
1024 3109 1096 3158 lectt.
1115 3115 1142 3158 et
1159 3111 1232 3158 eoni.
1251 3124 1328 3158 ano·

243 3194 321 3250 atqae
338 3185 459 3250 paellae]
488 3185 545 3235 fere
564 3190 594 3234 at
610 3198 659 3234 nos
680 3187 766 3251 Janq
805 3190 846 3238 bis
865 3194 1046 3248 memoratae,
1067 3194 1095 3237 nt
1110 3190 1191 3237 etiam
1205 3197 1328 3238 constru-

244 3267 309 3314 nnd
326 3265 395 3321 Ate,
415 3265 489 3316 vetut
507 3277 539 3313 ex
561 3265 695 3326 proverbii
713 3265 766 3314 ior·
805 3269 858 3317 ctio
871 3267 1019 3329 aCrnqnio
1033 3267 1196 3328 excogitata.
1211 3269 1258 3316 sed
1269 3282 1328 3318 ver-

151 3363 153 3368 ·
243 3345 328 3402 mnia,
345 3343 764 3406 sioqaerursnsSat.2‚3,13t).
804 3348 901 3396 borum
923 3347 1012 3396 ordini
1038 3360 1147 3408 prorsas
1172 3348 1325 3395 contraria:

245 3449 275 3460 -
301 3429 363 3486 post
389 3424 478 3471 omnia
500 3419 605 3484 ponas]
627 3423 766 3500 'Similiter
803 3426 854 3486 At,
882 3426 904 3474 a·
922 3431 1064 3489 oopnatos,
1084 3438 1148 3488 qnos
1162 3433 1263 3474 natare
1280 3425 1328 3476 tibi

244 3502 373 3553 dividitur
389 3509 547 3564 anteponere
558 3515 579 3552 ,a
593 3501 649 3552 Cio.
667 3499 719 3551 oft.
737 3503 763 3562 3,
802 3506 865 3564 dat,
885 3503 958 3552 natio
971 3504 1059 3553 laboro
1070 3501 1140 3567 (sine
1153 3517 1235 3567 opera
1246 3509 1327 3566 atque

242 3583 290 3632 17:
310 3582 418 3634 Malitia
430 3580 587 3630 motationis
604 3581 762 3641 ponitante.
803 3583 942 3644 impendio
960 3579 1018 3644 tuo)
1039 3584 1149 3631 retinere
1168 3583 1241 3631 setis.
1287 3583 1327 3632 De

148 3726 150 3730 Ι
244 3683 274 3696 -
293 3659 334 3710 An
352 3655 393 3720 si]
424 3659 487 3709 κατ’
505 3659 666 3730 εἰρωνείαν.
704 3661 765 3709 «An
803 3674 839 3710 an
852 3660 1197 3722 interrogativoaumeoni.
1209 3673 1234 3710 v.
1247 3661 1325 3710 Hand

240 3750 349 3801 operam
368 3740 464 3799 perdas
489 3733 604 3801 (frastra
624 3735 762 3802 iabores),
802 3741 882 3789 Turs.
900 3740 923 3788 1.
951 3754 977 3802 p.
999 3739 1061 3786 355.
1086 3761 1117 3772 -
1148 3738 1263 3802 tafalia]
1295 3739 1328 3788 Ut
1400 3743 1401 3800 i

240 3819 263 3868 si
283 3825 423 3882 eopnatos,
450 3830 514 3881 qnos
532 3817 605 3868 nullo
626 3815 706 3882 (tao)
726 3819 764 3867 ta-
786 3885 788 3890 !
799 3817 906 3882 μέλεος
918 3823 958 3866 est
976 3816 1125 3876 interdum,
1147 3819 1210 3878 «qui
1224 3818 1326 3882 aliquid
1400 3821 1401 3884 Ῑ

241 3897 301 3946 tore
320 3901 421 3946 natata
441 3896 490 3946 tibi
508 3897 559 3950 *dat
580 3893 667 3960 (ultro
685 3896 764 3946 offert
802 3897 867 3946 iacit
875 3896 1036 3945 infeliciter»
1047 3895 1122 3956 (aur.
1130 3895 1275 3960 tonsu.)
1288 3899 1326 3946 sie

239 3979 321 4038 atque
342 3971 484 4039 praehet),
504 3976 601 4025 amieos
620 3972 709 4038 (bene
730 3975 763 4024 de
801 3976 829 4024 h.
840 3976 859 4025 l.
874 3974 1021 4025 nonmalas
1034 3987 1065 4022 aa
1080 3988 1128 4036 pro
1140 3976 1321 4037 pescateratns,
1400 3997 1401 4042 q

240 4055 273 4105 tis
302 4049 447 4116 merendo)
476 4054 587 4103 retinere
612 4065 764 4116 semesaque
803 4067 852 4102 nee
870 4059 910 4102 est
931 4053 1082 4108 vocativus.
1105 4055 1167 4103 aad:
1189 4055 1278 4104 redeo
1295 4062 1323 4103 ut
1400 4045 1401 4064 ¹

238 4135 319 4184 aslis?
337 4139 366 4184 at
386 4131 513 4196 (prorsas
531 4145 644 4195 operam
658 4128 761 4195 perdit)
802 4132 1326 4196 ipsedoteotersenaasgquamadversa
