2928 4794
227 305 309 376 354
427 389 429 394 Ι
568 323 709 371 nonnrn
731 319 968 368 nrrsrounnuu

228 467 412 538 Contracta
434 485 528 550 quem
550 483 618 528 non
640 465 674 526 in
696 462 897 546 paupertate
919 450 1090 524 solutum?
1271 449 1317 512 2⁰

229 593 323 655 Haeo
346 608 412 678 ego
435 603 616 672 procurare
638 587 673 649 et
694 581 835 647 idoneus
857 581 1002 665 imperor
1024 582 1058 644 et
1080 597 1147 644 non

230 713 377 784 Invitus,
401 727 443 772 ne
466 710 564 790 turpe
586 705 689 786 toral,
711 721 753 767 ne
775 700 912 766 sordida
933 717 1053 785 mappa

228 826 396 920 corruget
418 845 533 911 neres,
556 845 598 891 ne
621 843 691 889 non
711 826 746 888 et
767 821 949 914 cantharus
972 825 1006 886 et
1027 823 1108 886 lanx

228 947 396 1018 Ostendat
417 949 476 1013 tibi
499 951 549 1032 te,
571 964 613 1011 ne
635 943 719 1010 tidos
739 945 829 1008 inter
850 947 976 1008 amicos

231 1068 285 1138 stt
308 1073 361 1156 qut
385 1069 475 1134 diota
498 1068 592 1132 foros
615 1061 781 1146 eliminet,
802 1069 838 1128 ut
861 1039 966 1128 coeat
980 1081 1042 1148 par

283 1303 304 1353 1.
341 1317 368 1352 v.
387 1269 431 1350 ia.
451 1301 526 1356 auria
545 1311 570 1347 e.
591 1296 661 1347 ibid.
681 1309 727 1346 neo
745 1309 799 1345 non
816 1294 843 1345 b.
863 1308 895 1345 ne
914 1307 1048 1360 supersor.
1069 1309 1082 1344 e
1100 1307 1125 1344 o.

228 1480 362 1534 (tuntum.
374 1507 404 1517 -
419 1474 577 1540 Contracta]
598 1482 686 1538 «οηε,
705 1489 753 1526 an·
791 1476 841 1526 dae
855 1463 1034 1538 susceperim,⁴
1048 1476 1075 1526 ei
1084 1475 1168 1527 vetuti
1181 1476 1273 1526 iussus
1282 1477 1318 1528 ab

229 1567 335 1624 gusta.»
367 1559 466 1610 Sonos.
488 1581 519 1592 ·-
538 1552 668 1617 solutum]
702 1554 753 1604 «ab
791 1554 856 1613 aiio,
870 1555 913 1604 oni
924 1555 965 1604 ius
975 1561 1046 1605 esset
1058 1568 1102 1606 me
1115 1555 1179 1605 talia
1192 1555 1318 1616 iubendi,

228 1641 355 1690 omnibus
377 1638 430 1688 iliis
448 1637 525 1700 quasi
543 1635 675 1694 vinculis,
696 1635 753 1697 qui·
791 1640 917 1684 accurate
927 1634 1119 1684 satisfaciam.»
1134 1635 1260 1685 Ceterum
1268 1636 1320 1684 im-

229 1716 279 1770 bus
297 1729 379 1767 curae
399 1719 607 1765 posunerunt.»
645 1713 753 1763 Similes
789 1727 870 1776 paror
888 1728 936 1776 pro
954 1715 1103 1775 imperator
1120 1714 1185 1763 miti
1203 1714 1318 1764 diritati

230 1797 282 1848 ioci
306 1799 368 1846 sunt
390 1794 461 1856 apud
483 1791 622 1854 Aristoph.
640 1792 689 1854 uq.
703 1793 751 1842 91:
792 1793 947 1854 analogiam
960 1808 985 1842 v.
993 1793 1090 1842 iubeor.
1102 1813 1134 1828 ...
1144 1799 1220 1854 turpe
1233 1787 1318 1856 torot]

230 1872 319 1926 Oi'vov
340 1871 398 1942 γὰρ
417 1865 516 1940 εὕροις
535 1863 574 1920 ἄν
592 1885 618 1927 τι
636 1884 754 1938 πρακτι·
792 1877 821 1921 ut
833 1871 887 1922 Sat.
902 1871 929 1929 2,
943 1871 970 1931 1,
984 1870 1033 1920 at:
1053 1869 1134 1920 tituta
1153 1871 1265 1920 toralia.
1279 1871 1318 1923 fl.

230 1951 379 2020 κότερον,·
406 1943 504 2018 Ὁρᾷς;
537 1941 611 1998 ὅταν
631 1948 753 1998 πίνωσιν
791 1950 811 2000 i.
826 1964 860 2000 ne
882 1962 1061 2012 synonymum
1074 1949 1108 1998 sit
1124 1963 1150 1999 v.
1169 1949 1318 2006 immundo,

229 2025 398 2099 trapeam,
419 2023 486 2077 τότε
502 2024 680 2086 Πλουτοῦσι,
695 2023 754 2075 δια·
792 2028 1002 2091 axpiioabimus:
1025 2041 1091 2078 «usu
1101 2027 1229 2076 detritum
1238 2030 1265 2075 et
1273 2040 1320 2076 co-

230 2107 406 2178 πράττουσι,
435 2102 557 2156 νικῶσιν
573 2101 673 2167 δίκας,
698 2099 755 2156 Eo’-
793 2108 858 2158 ioris
868 2107 1035 2158 eveniat»-
1049 2103 1186 2171 Corrupet]
1201 2105 1318 2168 Quintil.

232 2181 439 2250 δαιμονοῦσιν,
457 2176 607 2245 ὠφελοῦσι
621 2180 690 2246 τοὺς
708 2185 760 2250 φίῄ
790 2187 836 2255 111,
858 2186 884 2244 3,
903 2185 953 2234 80:
973 2184 1086 2257 Neritus
1100 2184 1229 2247 tetrisque
1249 2185 1321 2233 dert-

231 2264 310 2326 λους.
338 2260 462 2323 Diphilus
482 2260 753 2322 appenninum:
792 2278 850 2324 sus,
869 2269 1044 2325 contemptus.
1062 2262 1201 2326 fastidium
1217 2261 1321 2326 stpnifi·

228 2336 262 2392 'n
282 2337 353 2390 πᾶσι
381 2342 443 2400 τοϊς
461 2336 610 2407 φρονοῦσι
630 2352 755 2408 προσφι-
793 2345 849 2392 cori
867 2342 940 2391 tolet.
978 2341 1046 2390 Nom
1062 2347 1087 2390 et
1106 2353 1253 2402 corrugare
1271 2352 1320 2390 ua·

231 2418 352 2468 λέσταπε
369 2413 496 2466 Διόνυσε
520 2417 570 2465 καὶ
592 2415 752 2478 σοφώτατ’,
793 2435 852 2480 res,
871 2427 900 2469 ut
914 2421 1043 2469 Horatius
1059 2421 1114 2484 ott,
1134 2425 1159 2468 et
1171 2415 1266 2484 inflare
1277 2420 1321 2467 in·

233 2491 272 2559 ὠς
288 2489 361 2562 ἡδύς
371 2509 415 2556 τις
431 2489 472 2552 εί,
487 2489 535 2556 Ὃς
548 2493 603 2544 πόν
616 2491 754 2546 ταπεινόν
792 2500 913 2548 decorum
925 2505 971 2547 eet.
986 2522 1013 2534 -
1027 2512 1059 2546 ne
1070 2494 1139 2560 nou]
1160 2502 1206 2546 out
1219 2497 1320 2559 pocula

230 2574 308 2638 μέγα
325 2577 448 2644 φρονεῖν
461 2577 554 2634 ποιεῖς
564 2569 675 2636 μόνος,
696 2572 754 2624 Τόν
793 2583 819 2628 et
836 2577 944 2639 patinae
966 2577 1089 2638 argentei
1107 2575 1211 2639 speculi
1230 2577 1319 2626 instar

232 2648 285 2712 τὰς
310 2645 408 2720 ὀφρῦς
433 2646 557 2720 αἴροντα
585 2650 756 2713 συμπείθεις
794 2656 982 2719 splendeant.»
1009 2679 1040 2689 -
1068 2650 1197 2718 eliminet]
1226 2659 1320 2704 «extra

232 2725 336 2794 γελᾷν,
369 2723 427 2776 Τόν
453 2726 475 2776 τ’
503 2723 614 2792 ἀσθενῆ
644 2726 755 2795 τολμᾷν
793 2734 878 2782 limen
901 2733 998 2784 domus
1023 2746 1101 2784 meae
1123 2747 1186 2783 oum
1211 2734 1318 2794 exierit,

232 2820 277 2864 u,
309 2800 363 2853 τὸν
390 2799 488 2853 δειλὸν
513 2801 645 2872 θρασύν·
684 2817 754 2868 quae
794 2817 904 2874 propter
918 2808 1104 2872 garrulitatem
1118 2817 1220 2862 temere
1233 2811 1320 2862 dirot-

232 2880 341 2930 Grotius
358 2877 514 2929 Horatianis
534 2882 622 2932 verbis
639 2885 755 2933 ususvsic
794 2894 838 2952 got
857 2891 1033 2940 convivarum
1053 2903 1221 2941 sermones.»
1241 2891 1319 2940 Anti-

234 2958 262 3010 in
273 2959 399 3007 Latinum
410 2961 543 3009 convertit
563 2960 686 3025 Excerpt.
707 2964 753 3013 Tr.
794 2973 870 3031 pater
895 2968 922 3016 in
949 2967 1032 3017 nuth.
1052 2968 1111 3018 Pal.
1133 2969 1168 3018 ΙΙ.
1196 2983 1223 3030 p.
1246 2969 1317 3020 328:

233 3052 260 3100 p.
274 3036 345 3086 797:
366 3037 388 3086 0
408 3049 467 3086 vere
487 3039 590 3100 sapiens
611 3054 642 3088 σε
663 3043 755 3090 merito
793 3044 888 3097 κακὸν
900 3039 994 3116 ἄνδρα
1008 3047 1128 3116 Ταρβίω
1145 3047 1195 3096 καὶ
1211 3043 1319 3110 μόθων

231 3113 392 3178 rapientibus
410 3116 528 3165 Amicum
550 3115 626 3167 liter
645 3134 754 3181 numen,
793 3124 950 3191 μνήμονας
973 3119 1150 3195 ὑδροπότας.
1181 3149 1212 3160 -
1243 3130 1320 3175 eoiot

170 3243 175 3250 ,
231 3207 310 3257 quam
329 3195 440 3243 muitum
460 3197 551 3262 iuvari
585 3197 622 3244 To
645 3212 756 3262 nomque
791 3200 859 3265 par]
878 3202 955 3252 Plato
977 3203 1098 3268 Sympos.
1119 3204 1162 3264 18,
1177 3203 1208 3253 ³:
1230 3197 1320 3256 ὁπα-

231 3271 628 3336 sotuseornuoooidtrpauperi:
650 3277 755 3342 inpenio
794 3277 877 3344 λαιός
897 3279 987 3346 λόγος
1003 3275 1037 3334 εὖ
1056 3277 1134 3344 ἔχει,
1154 3276 1196 3345 ὥς
1208 3277 1321 3348 ὁμοῖον

232 3351 300 3399 deero
313 3351 367 3400 tene
380 3357 537 3401 tormentum
545 3353 676 3410 admoves,
691 3356 755 3418 Sup·
793 3355 890 3427 ὁμοίῳ
908 3360 996 3418 enatet
1020 3357 1056 3412 τὸ
1078 3360 1159 3413 &stov
1184 3363 1226 3412 iris
1251 3362 1318 3425 ipsis

230 3429 336 3491 peditat
362 3442 438 3477 arma
462 3431 570 3491 inermi,
598 3433 755 3483 timidone·
793 3439 882 3489 verbis
904 3439 999 3488 inserit
1014 3439 1200 3490 Aristaenetus
1219 3442 1244 3498 1,
1260 3435 1316 3504 10.)

232 3507 347 3557 daciam.
792 3513 838 3566 atei
856 3517 979 3582 πελάζει.

267 3585 381 3634 21-25.
415 3586 576 3650 promerere]
596 3588 654 3639 Hoc
674 3589 753 3643 dicit:
828 3594 871 3643 26.
891 3595 935 3644 27.
973 3597 1085 3645 Butram
1111 3593 1316 3660 Septietomque]

235 3675 295 3711 ame
308 3663 367 3725 ipso
391 3664 557 3727 inspectante
576 3681 670 3718 servus
687 3676 755 3722 stru·
793 3673 900 3722 sodates
917 3675 1047 3737 Torquati
1068 3680 1095 3725 et
1114 3675 1219 3726 Horatii
1236 3677 1316 3726 nobis

234 3744 447 3801 reomensem,
477 3749 506 3792 ut
524 3746 615 3806 decet,
643 3760 754 3810 appara·
793 3750 888 3812 ignoti.
917 3751 1007 3804 Nostri
1022 3752 1107 3802 Codd.
1128 3753 1239 3804 firmant
1250 3755 1315 3804 ieet.

235 3815 300 3866 bit.»
337 3817 440 3868 Pendet
460 3827 550 3872 autem
566 3839 592 3874 v.
608 3839 755 3887 procurare
793 3829 947 3892 Septicium,
967 3832 1012 3880 oui
1028 3830 1076 3880 aiii
1088 3845 1120 3881 ex
1137 3831 1188 3881 Od.
1203 3833 1229 3892 2,
1243 3833 1270 3882 o.
1290 3835 1323 3882 et-

235 3903 262 3945 et
287 3909 302 3944 n
325 3911 352 3947 v.
379 3899 485 3948 idoneus
513 3897 562 3962 (ad
587 3905 752 3964 providenda
794 3907 860 3971 Epp.
875 3908 900 3966 1,
910 3909 936 3959 9.
948 3911 1142 3960 substituerunt
1153 3909 1314 3972 Septimium.

235 3975 342 4034 omnia,
374 3973 536 4040 ἐπιτήδειος
563 3979 753 4048 οἰκονομεῖν)
792 3984 848 4036 Cir.
861 3985 1000 4038 Weietrert
1014 3989 1042 4036 P.
1056 3988 1087 4038 L.
1101 4003 1128 4050 p.
1140 3988 1201 4038 374.
1226 3989 1259 4051 Q.
1273 3988 1317 4040 Se·

234 4053 655 4122 etar.imperor.-imperor]
675 4061 761 4113 uuum‘
790 4057 884 4126 pttttus
906 4061 957 4128 (sio
978 4064 1077 4128 editur)
1103 4081 1176 4130 eques
1199 4068 1248 4118 no.
1276 4070 1319 4117 est

233 4128 318 4178 semei
331 4128 451 4178 officium
459 4143 561 4181 coenae
567 4135 614 4185 tibi
622 4150 754 4202 apparan·
793 4141 873 4191 etiam
884 4144 954 4205 apud
969 4144 1025 4194 Cio.
1036 4145 1113 4194 Verr.
1123 4146 1222 4195 Aecus.
1232 4146 1259 4206 3,
1270 4147 1314 4195 te.
