2856 4782
256 283 308 351 82
402 369 404 372 ,
612 295 750 344 noanon
773 295 973 342 sarrnnuun

256 439 375 530 Musa,
397 437 496 506 velim
519 455 694 520 memores,
716 439 750 501 et
772 455 837 522 quo
859 435 956 520 patre
978 436 1078 498 natus
1099 415 1239 517 uterque

257 563 444 632 Contulerit
465 561 551 625 lites.
593 557 702 624 Messi
724 557 849 624 clarum
869 574 979 644 genus
1001 552 1100 640 θεοῖς

256 679 426 754 Sarmenti
447 680 580 746 domina
602 680 731 744 exstat:
754 678 797 742 ab
819 677 871 741 bis
891 676 1070 742 maioribus
1092 676 1156 739 orti
1299 667 1337 731 55

257 805 316 872 Aa
337 822 482 894 pugnam
504 819 641 868 venere.
684 799 783 865 Prior
804 793 1020 865 Sarmentus:
1043 796 1129 882 liqui
1150 799 1185 862 tc

257 925 345 992 Esse
367 927 431 992 fori
453 925 590 990 similem
612 921 697 988 dico.
739 919 916 1000 aldonus,
938 921 972 982 et
995 920 1067 1002 lpse
1113 908 1115 912 ’

257 1045 420 1114 Messius:
442 1045 600 1129 Accipio:
626 1043 727 1128 eaput
750 1043 784 1106 ei
806 1042 935 1106 movet:
959 1035 1006 1120 0,
1028 1042 1086 1103 tua
1109 1057 1214 1105 cornu

256 1169 300 1237 Ni
321 1168 410 1233 foret
433 1168 571 1238 exsecto
593 1165 705 1248 frons,
719 1163 848 1247 inquii,
871 1159 950 1246 quid
971 1161 1119 1242 laceres,
1142 1177 1216 1226 cum
1294 1223 1296 1234 ,

258 1285 319 1362 sac,
339 1255 473 1360 mutuus
493 1277 680 1359 minitans?
716 1283 766 1348 At
787 1283 835 1346 rur
856 1281 958 1380 saeua,
979 1281 1121 1351 creatrix
1301 1276 1341 1335 oo

257 1405 413 1477 Setosam
435 1408 524 1473 laevi
546 1396 691 1472 frontem
713 1405 910 1488 turpaverat
931 1403 1011 1476 pris.

259 1531 461 1615 Campanum
482 1531 517 1592 in
538 1529 701 1613 morbum,
723 1526 757 1624 ln
778 1525 897 1591 farciem
922 1525 1087 1608 permulta
1105 1523 1250 1605 iocatus,

258 1651 436 1717 Pastorem
458 1651 599 1715 saltaret
620 1649 670 1712 uti
691 1647 844 1733 Cyclopa
864 1645 1031 1732 rogabat:

257 1771 312 1838 Nil
334 1773 382 1836 illi
403 1772 501 1836 larva
522 1770 580 1834 aut
602 1767 744 1860 tragicis
764 1785 850 1850 opus
871 1783 947 1839 esse
969 1763 1151 1838 cothurnis.

288 1965 339 2021 ill.
375 1977 402 2017 v.
422 1963 467 2016 dd.
485 1962 615 2014 minitoris
632 1973 647 2012 e
666 1959 752 2011 Codd.
790 2000 792 2002 .

257 2145 314 2198 Cir.
328 2144 529 2196 Schol.1uven.
548 2143 574 2202 5,
595 2141 621 2192 3.
643 2139 782 2193 Weiolrert
818 2153 868 2193 vua
882 2144 963 2190 estao
973 2139 1032 2190 sine
1042 2143 1127 2204 patro.
1143 2164 1176 2174 -
1194 2139 1227 2188 ob
1240 2141 1343 2190 biamu-

257 2226 333 2276 Polit.
347 2225 405 2274 Lat.
424 2238 451 2286 p.
469 2222 532 2272 idi.
553 2245 584 2256 -
603 2219 728 2283 Messique
742 2219 783 2269 Ci—
818 2219 916 2268 ioribus
929 2215 999 2281 orti]
1019 2217 1112 2281 Aeque
1128 2218 1181 2266 hoc
1196 2219 1342 2269 ridiculum

220 2341 222 2345 -
257 2301 357 2368 cimbi]
380 2315 490 2353 scurrae
504 2299 662 2362 ceteroquin
685 2299 780 2360 ignoti.
819 2303 899 2361 atque
934 2297 1001 2346 illud
1036 2297 1203 2361 Olympionis
1242 2298 1341 2350 villici:

257 2383 363 2436 Nomen
401 2380 510 2432 ridiculi
538 2390 619 2429 causa
648 2377 780 2439 inditum,
818 2379 919 2426 Pietate
927 2377 1051 2442 (actumst
1059 2391 1116 2426 meo
1126 2383 1203 2440 utque
1213 2379 1343 2428 maiomam

165 2451 201 2533 ‘x
258 2453 781 2526 quodsipnum(sobriqoctilebernomc)
818 2469 912 2505 mcum.
944 2455 1032 2506 Plaut.
1053 2455 1144 2506 Casio.
1164 2456 1190 2516 2,
1211 2455 1237 2511 6,
1258 2456 1304 2505 oo.

257 2545 357 2594 vocant
373 2539 550 2604 posteriores,
571 2540 612 2586 est
628 2529 780 2606 Κίκιρῥος,
854 2533 983 2583 58-63.
1020 2530 1139 2596 Accipio]
1168 2539 1264 2584 «tuam
1285 2547 1343 2598 pro-

257 2617 438 2692 ἀλεκτρυών,
466 2610 608 2680 (Hesyoh.)
635 2613 681 2661 uer
703 2613 783 2662 Gact·
820 2613 991 2662 vocationem
1012 2610 1114 2675 tibique
1138 2608 1237 2676 (capite
1258 2614 1343 2662 mina·

256 2699 336 2748 boba.
363 2723 395 2734 —-
420 2692 515 2756 Muto]
544 2694 591 2742 Est
609 2691 720 2754 parodia
744 2690 782 2740 le·
821 2691 888 2740 citer
913 2687 1001 2754 moto)
1034 2691 1225 2742 demonstrabo
1249 2707 1295 2743 me
1315 2705 1343 2742 re

258 2777 327 2828 stiva
360 2773 500 2824 Homerici
531 2771 604 2819 illius
636 2767 714 2818 Iliad.
745 2769 781 2831 β,
820 2771 971 2833 vera'equi
989 2770 1039 2820 leri
1061 2771 1178 2820 similem
1202 2785 1291 2822 esse.»
1311 2798 1342 2808 -

256 2853 328 2903 dlii:
352 2845 479 2902 “Honora
505 2846 559 2900 νῦν
582 2863 636 2913 μοι
662 2844 784 2896 Μοῦσαι
821 2846 884 2912 tuo]
912 2850 940 2898 in
965 2863 1037 2913 pros.
1065 2863 1121 2899 on:
1155 2855 1234 2900 uiuae
1260 2863 1343 2901 cornu

256 2926 397 2996 Ὀλύμπια
413 2927 521 2992 δώματ’
538 2921 679 2988 ἔχουσαι,
700 2937 731 2974 ao
749 2925 783 2972 si·
821 2927 1101 3003 nisilorotxexsootum
1118 2927 1228 2978 fronti.»
1241 2953 1272 2986 ·-.
1284 2929 1344 2993 quid
1411 2929 1412 2942 ¹

200 3075 202 3081 y
256 2998 671 3069 milium-puoputrcautoa]
685 3002 783 3052 Utllo·
819 3005 934 3072 secares]
963 3021 1068 3071 uquam
1089 3009 1216 3058 terribilis
1233 2999 1342 3058 foresto

257 3087 357 3138 ratium
375 3086 524 3148 carpebant
540 3081 682 3141 malevoli,
710 3083 781 3144 quod
822 3111 851 3121 -
871 3082 976 3148 Atilii]
998 3087 1269 3149 «Hic-utilloapud
1283 3089 1344 3150 poe·-

259 3167 381 3216 iibcrtiuo
392 3169 470 3226 putre
481 3167 561 3211 notus
574 3164 654 3220 esset,
665 3160 780 3223 sioipse,
819 3169 877 3224 tas,
898 3164 1045 3227 plurimum
1067 3165 1096 3214 in
1119 3167 1244 3214 extremis
1262 3167 1344 3218 versi·

258 3244 306 3294 sed
317 3243 398 3304 louge
411 3239 663 3299 minuendarum,
683 3239 781 3288 horum
819 3243 879 3303 hus,
890 3243 1036 3306 respondet
1045 3243 1210 3293 Graecorum
1223 3238 1342 3309 optu—

256 3335 412 3372 sourrarum
423 3319 629 3384 stirpamridet‚
650 3316 781 3367 simulans
819 3314 836 3370 ὁ
854 3319 895 3371 di.
933 3321 977 3371 Sic
994 3322 1097 3372 Lucan.
1111 3321 1139 3382 4,
1153 3321 1204 3372 36:
1225 3324 1277 3372 His
1293 3325 1345 3372 oir-

258 3413 306 3462 ae,
344 3405 490 3464 autequam
521 3411 616 3448 eorum
644 3401 780 3446 certamen
819 3404 861 3447 tua
880 3399 1026 3464 ferrumque
1046 3401 1128 3450 locum
1146 3403 1296 3463 promittit,
1316 3407 1345 3450 ut

257 3484 359 3539 narret,
376 3484 514 3541 tamquam
523 3478 638 3526 heroum
648 3475 781 3526 illustrem
817 3478 939 3540 illislpae
957 3479 1053 3528 locus.»
1083 3479 1161 3528 Haud
1176 3479 1255 3528 Turs.
1271 3481 1294 3529 l.
1317 3495 1343 3543 p.

256 3557 443 3621 «prosapiam»
459 3556 652 3618 expositurum.
668 3580 697 3591 -
714 3551 780 3615 Osci]
817 3556 880 3606 422.
902 3582 931 3593 -
960 3556 1138 3622 Campanum]
1166 3559 1249 3610 calloo
1271 3561 1345 3609 enim

257 3635 390 3686 nominat.
402 3634 472 3696 plur.
493 3634 605 3683 Videtur
617 3632 724 3682 ridiculi
734 3633 782 3682 ali·
820 3635 898 3696 quasi
908 3649 923 3684 a
932 3641 1028 3687 natura
1039 3637 1183 3700 Campanis
1192 3638 1248 3687 lere
1257 3640 1345 3688 omni-

258 3713 323 3778 quid
333 3712 481 3762 inhaesisse
493 3711 557 3760 huic
567 3709 782 3760 denominationi
819 3713 869 3761 bus
894 3713 979 3775 inest,
1011 3719 1040 3764 ut
1063 3717 1157 3778 capitis
1177 3719 1344 3780 temporibus

256 3792 302 3845 vel
318 3795 428 3854 propter
446 3789 634 3839 Atellanarum
652 3801 782 3850 personas
820 3803 936 3852 magnae
958 3807 1088 3843 verrucae
1114 3795 1292 3846 innascantur
1316 3797 1345 3845 in

255 3868 398 3922 Burconem
410 3872 437 3917 et
446 3867 577 3927 Murcum,
597 3871 626 3915 ut
638 3866 783 3928 Bergoma-
820 3871 930 3919 modum
940 3885 1087 3933 cornuum,
1108 3887 1174 3936 quas
1188 3887 1250 3923 cum
1260 3875 1345 3925 incidi

256 3949 328 3999 tibus
349 3950 458 4010 propter
478 3957 574 3995 eorum
589 3942 738 3994 Artecoltino
757 3951 783 3995 et
819 3947 937 4010 faciunt,
964 3951 1104 4000 cicatrices
1124 3953 1152 4002 iu
1177 3952 1266 4004 fronte
1288 3968 1345 4004 ma·

258 4025 433 4093 Tmffututao.
455 4048 485 4059 -
505 4018 627 4084 domino]
648 4022 685 4074 Μ.
699 4023 782 4077 Favo-
818 4032 884 4076 nent
901 4028 978 4090 quasi
996 4035 1075 4080 notae
1097 4035 1265 4082 assectarum
1285 4047 1345 4082 cor·

258 4107 301 4156 nit
318 4105 400 4160 vidua
412 4101 477 4155 vivit
490 4101 580 4150 adbuc
592 4101 715 4166 adeoque
728 4117 781 4155 sor·
819 4113 914 4156 auum.
938 4106 972 4157 ln
989 4108 1063 4158 hunc
1080 4122 1144 4172 ergo
1162 4097 1297 4173 morbum,
1318 4112 1345 4160 id
