2928 4794
515 341 579 386 Liri.
603 341 622 386 Ι.
665 341 766 387 EPiS'l'.
791 341 833 386 vt.
893 375 896 382 ,

123 480 248 543 Lucum
272 479 382 566 ligna:
404 496 488 542 cave
511 497 553 544 ne
576 482 695 563 portus
717 482 859 562 occupet
881 481 984 560 niter,

124 598 175 662 Ne
196 595 407 685 Cibyratica,
430 619 472 664 ne
494 599 643 686 Bithyna
667 603 803 687 negotia
826 600 963 684 perdas3

124 717 221 782 Mille
245 720 373 783 tulenta
394 719 633 803 retundantur,
654 720 791 785 totidem
814 721 941 801 attera,
965 737 1066 803 porro
1090 723 1124 784 et

124 837 239 902 'l'ertia
262 838 447 904 succedant
469 844 503 903 et
526 859 610 923 quae
632 859 711 924 pars
733 839 875 925 quadret
898 857 1065 905 acervum.
1169 835 1209 898 35

126 954 267 1024 Scilicet
288 977 425 1024 uxorem
449 977 521 1024 cum
543 960 623 1025 dote
644 961 805 1046 iidemque
827 967 861 1024 et
883 963 1008 1026 amicas

180 1245 203 1293 Ι.
243 1258 268 1293 v.
288 1244 332 1294 34.
353 1251 378 1294 et
396 1259 503 1295 erasum
523 1246 550 1294 in
571 1247 597 1295 b.
618 1253 642 1295 ct
661 1259 676 1295 a
696 1259 750 1295 aec.
770 1260 807 1295 m.
828 1245 949 1295 additum
969 1243 996 1294 in
1015 1245 1042 1295 S.
1062 1243 1123 1296 Om.
1145 1252 1167 1296 ct
1186 1261 1212 1295 e.

126 1329 153 1364 v.
171 1313 217 1363 35.
236 1315 355 1376 quadrat
377 1315 438 1364 bSc.
532 1340 536 1346 ·

165 1438 202 1488 11.
240 1453 285 1490 vv.
306 1439 349 1489 at.
369 1440 413 1490 35.
430 1453 515 1502 porro
535 1441 624 1490 Tertia
642 1441 675 1490 T.
711 1456 739 1493 v.
758 1439 802 1490 35.
823 1436 939 1505 quadrat
958 1441 989 1490 F.

126 1620 187 1668 de.»
207 1619 275 1668 Vide
289 1619 321 1667 ad
336 1619 390 1669 Sat.
404 1621 431 1679 2,
446 1619 472 1680 3,
489 1619 652 1670 55.-Υίν-
689 1613 830 1689 budius)
867 1623 948 1683 atquc
982 1620 1009 1669 iu
1039 1619 1192 1684 Bithyniam
1204 1649 1222 1680 ‚-

127 1694 219 1758 tutem]
235 1697 354 1758 «Quodsi
368 1704 472 1757 contra,
485 1697 652 1760 quaedevir-
689 1713 743 1761 quo
765 1703 827 1748 aute
850 1696 973 1748 aemulos
994 1699 1124 1761 appulsus
1146 1701 1214 1764 opti-

125 1778 181 1825 tute
199 1775 371 1836 disputantur
390 1789 405 1824 a
425 1775 538 1834 Stoicis,
559 1775 651 1824 inania
689 1791 747 1826 mas
764 1789 885 1841 quasque
905 1790 1009 1826 merces
1030 1779 1116 1841 pretio
1132 1793 1214 1841 quarn

126 1856 324 1917 verbannus,
348 1859 378 1903 ut
396 1854 521 1903 lucorum
543 1855 652 1916 religio·
689 1857 803 1906 minimo
825 1857 943 1905 coiimas.
982 1854 1056 1905 lituu
1072 1869 1136 1905 vero
1150 1861 1212 1906 ante

126 1945 189 1982 nem
220 1932 300 1980 mulii
328 1935 520 1992 contemnunt,
549 1947 651 1995 eosque
689 1934 1075 1997 omniatibipropusitnmsit,
1096 1933 1236 1983 utmibe¹

126 2009 194 2061 nihii
216 2011 269 2060 nisi
288 2012 399 2061 arbores
418 2017 512 2075 putant
530 2026 585 2062 uon
603 2027 652 2062 nu·
689 2014 791 2062 talenta
810 2015 861 2063 cet.
881 2015 1034 2076 acquiras.»
1056 2037 1085 2050 -
1104 2009 1212 2075 padua]

125 2091 194 2141 mini
204 2091 287 2141 aiicui
302 2097 430 2152 sacratas,
451 2094 497 2142 cd
508 2093 651 2142 bominum
691 2105 742 2142 une
761 2097 817 2142 tum
839 2093 948 2141 demum
970 2091 1036 2142 iiiuc
1054 2091 1214 2154 pervenias,

125 2171 187 2219 naui
213 2169 376 2230 destinatae,
403 2171 466 2220 huic
494 2185 588 2220 rursus
611 2181 653 2220 ra·
690 2183 752 2219 cum
773 2170 882 2231 negotia
902 2175 1079 2233 quaestuosa,
1101 2169 1134 2219 ab
1153 2169 1215 2219 aliis

125 2249 193 2299 iioni
203 2249 398 2298 convenienter
406 2249 481 2308 vivc;
497 2261 562 2310 ergo
571 2263 653 2313 quae·
689 2248 737 2297 tibi
748 2253 907 2310 praerepta,
928 2257 1023 2309 gerere
1042 2247 1094 2296 iam
1111 2261 1168 2296 non
1182 2247 1214 2296 b·

127 2339 156 2377 re
178 2328 228 2376 tibi
246 2340 312 2390 opes
330 2329 512 2389 negotiatione
536 2334 562 2379 et
584 2341 653 2378 mer·
691 2329 760 2375 cet.»
782 2349 811 2361 -
832 2322 1023 2387 retundantur]
1044 2325 1218 2387 «compienn-

127 2412 251 2455 catura.»
273 2429 304 2441 -
321 2403 416 2468 uerba]
454 2407 552 2456 Ultima
577 2407 653 2457 Bruti
691 2410 762 2453 tur.»
791 2401 877 2451 Omne
893 2401 1216 2464 eubuquodrotuudurn

125 2495 179 2534 vox
199 2481 273 2546 apud
288 2483 403 2534 Dionem
420 2485 464 2546 ti,
479 2485 527 2536 iiii:
545 2479 577 2536 “si
590 2483 655 2551 τλῆ·
692 2487 741 2538 est.
764 2481 799 2531 ab
816 2481 891 2554 nruui
909 2485 984 2542 parte
998 2485 1039 2528 esi
1052 2479 1214 2542 perfectum.

125 2579 184 2628 μον
203 2557 312 2632 α’ρετὴ,
332 2561 422 2628 λόγος
441 2555 487 2634 ἄρ’
505 2557 652 2630 ἧσ3’.ἐγώ
693 2585 720 2598 -
735 2553 836 2622 praere]
857 2561 938 2621 iunge
952 2571 1014 2607 cum
1028 2572 1071 2609 vv.
1087 2564 1111 2607 ct
1124 2561 1215 2620 tertie,
1267 2614 1293 2636 ,ἵ
1347 2581 1351 2587 ·
1382 2535 1385 2552 ’

126 2639 157 2690 δέ
179 2657 215 2691 σε
237 2635 285 2703 Ὡς
302 2635 392 2712 ἔργον
408 2637 540 2707 ἤσκουν·
573 2639 610 2693 σύ
631 2643 654 2692 δ’
690 2652 757 2698 nou,
778 2631 980 2696 ntvoiuutaiii‚
1001 2649 1063 2686 cum
1077 2651 1103 2686 v.
1118 2635 1215 2686 alteru.

126 2716 280 2780 ἐδούλευες
294 2717 378 2792 τύχῃ.
389 2743 415 2754 -
429 2727 510 2782 petua
523 2718 559 2782 et]
579 2722 653 2771 ilaec
692 2739 725 2751 -
737 2714 890 2778 nunctiant]
912 2715 963 2766 uati
973 2717 1026 2766 duo
1037 2715 1127 2779 priora
1141 2715 1217 2778 paui-

126 2798 208 2846 iectio
224 2795 323 2846 melius
346 2799 412 2848 mibi
433 2800 489 2848 visa
510 2803 550 2848 esi
569 2799 654 2861 erpri-
692 2795 767 2847 latim
787 2793 947 2845 accedant.»
966 2821 990 2830 -
1013 2793 1140 2858 quadret]
1163 2793 1217 2844 uei-

125 2883 204 2924 mere
227 2885 382 2924 sermonem
409 2876 498 2939 ipsum
522 2877 653 2938 hominis,
692 2873 781 2933 ticini,
811 2880 841 2925 ut
863 2880 990 2939 quattuor
1014 2875 1090 2924 mitiu
1115 2875 1217 2924 talenta

128 2954 174 3016 qui
189 2957 216 3002 et
229 2949 488 3018 doctriuas'n’buzcig
504 2960 531 3004 et
548 2955 655 3017 reiigio-
692 2953 858 3015 possideas.»
1109 2943 1111 2946 ’

128 3043 176 3080 nea
188 3030 311 3093 publicas
323 3043 411 3095 aeque
429 3033 558 3093 negligite
580 3033 654 3082 uvir-

128 3114 214 3158 tutem
225 3109 307 3162 verba
319 3115 383 3172 puto
400 3117 424 3159 et
438 3111 529 3160 lucum
543 3109 617 3172 ligna
628 3125 653 3161 :u
726 3109 760 3158 36
771 3135 801 3146 -
810 3109 854 3159 38.
892 3109 993 3159 Scilicet
1010 3105 1139 3169 neurim]
1158 3109 1217 3157 lum

70 3209 74 3219 ·
129 3199 212 3250 qnam
235 3188 258 3236 ri
282 3189 485 3250 comparatione
510 3186 572 3251 (ut)
597 3189 654 3252 ipsc
691 3188 753 3236 κατ’
771 3189 922 3256 εἰρωνείαν
939 3192 1081 3235 enumerat
1097 3199 1217 3234 eommo-

129 3271 260 3316 uteretur.
293 3291 324 3302 -
356 3265 478 3330 occupet]
513 3281 652 3330 occupare,
691 3264 740 3323 du,
761 3277 830 3327 quae
844 3266 960 3326 pecunia
973 3265 1104 3326 praebere
1118 3264 1214 3313 suieat.

128 3343 652 3408 ubetem,praeoccupare30d.n,1n‚
693 3367 724 3378 -·
752 3339 843 3408 fidem]
875 3344 903 3392 iu
934 3344 1014 3392 rebus
1041 3341 1217 3404 pecuniariis.

128 3423 172 3472 28.
193 3423 253 3474 Liv.
272 3425 298 3482 1,
317 3424 367 3474 14:
396 3425 488 3474 beilum
508 3425 593 3490 [acere
615 3439 655 3475 oc·
693 3423 788 3471 laven.
812 3421 838 3476 3,
862 3420 928 3470 tta=
957 3421 1091 3482 Ouramma
1114 3421 1219 3482 quiaque

129 3509 238 3564 capum.
691 3513 740 3548 auu
751 3511 917 3549 nummorum
929 3499 1005 3564 babet
1017 3500 1047 3547 in
1059 3511 1133 3556 arca,
1150 3498 1219 3546 Tan-

692 3583 747 3627 inm
768 3577 844 3627 babet
868 3584 891 3626 et
912 3578 981 3642 fidei.
1020 3573 1105 3626 Genus
1128 3579 1218 3624 autem

162 3659 208 3708 at.
229 3659 273 3708 35.
306 3659 343 3709 Ne
361 3657 527 3723 Cibyratica]
550 3659 654 3709 «Simul
692 3658 1002 3720 circumamiciatur,
1024 3660 1158 3718 quatenns
1180 3653 1219 3704 ic
1314 3657 1319 3667 '

14 3801 16 3808 X
76 3790 80 3796 ,
130 3749 253 3786 aumare
271 3739 656 3801 aperturuestaliuspraeve·
693 3735 800 3797 cupies,
821 3735 870 3784 ctai
890 3735 982 3784 inflrno
1003 3734 1064 3782 ioco
1082 3735 1156 3782 ortus
1175 3733 1219 3789 vei

129 3816 208 3864 niens
234 3817 334 3878 naviga
360 3816 486 3882 Cibyram
512 3829 653 3879 magnam,
692 3814 801 3864 sordido
818 3820 930 3877 quaestu
952 3812 1146 3875 locupletatus,
1167 3813 1220 3870 etsi

131 3889 238 3954 (urbem
253 3894 386 3959 Pbrygiae
401 3909 526 3957 magnae,
547 3899 656 3958 propter
693 3892 837 3952 deformis,
859 3893 958 3952 inians,
984 3895 1153 3949 invenustus,
1175 3904 1219 3940 ae·

14 3985 23 4046 j·
130 3971 295 4044 ferramenta
327 3972 522 4035 celebratamr)
560 3973 655 4022 Strabo
694 3983 746 4034 que
764 3977 854 4020 tamen
877 3985 891 4020 a
912 3972 992 4033 volgo
1018 3972 1168 4019 bonoratur
1191 3977 1218 4017 et

98 4053 100 4061 '
130 4052 172 4100 1-3.
188 4063 216 4114 p.
230 4047 404 4101 351εἿδιον
420 4051 443 4101 δ’
461 4050 541 4102 ἐστὶν
559 4049 590 4100 ἐν
609 4049 655 4100 Kc·
694 4050 888 4111 suspiciturac
914 4051 937 4098 ai
964 4060 1130 4110 generosus,
1163 4046 1218 4094 eio-

49 4153 50 4160 ι
130 4127 209 4205 fiune
226 4127 259 4181 τὸ
276 4127 328 4180 τὸν
344 4128 466 4200 σίδηρον
480 4127 656 4199 πορεύεσθαι
694 4141 794 4192 quiens,
815 4127 928 4192 puieber
941 4131 1021 4193 atque
1035 4129 1163 4176 venustus
1177 4137 1220 4173 est
