2920 4792
519 311 584 359 biii.
607 311 639 358 ΙΙ.
682 313 755 360 ΕΔΤ.
777 312 823 362 Vl·

125 450 268 513 Luserat
291 451 325 512 in
345 464 480 531 eampo:
502 438 671 514 Fortunae
695 445 794 535 lilius,
820 465 942 516 omnes.

123 567 284 650 Frigidus
305 586 326 631 a
347 565 482 632 Rostris
504 571 614 632 manat
637 588 698 650 per
719 572 863 652 compita
883 586 1011 634 rumor:

126 683 323 771 Quicunque
345 686 465 750 obvius
486 691 555 772 est,
577 705 628 776 me
644 688 802 754 consulti:
823 685 851 751 0
871 689 975 765 bonc,
998 705 1071 752 nam
1088 692 1123 754 te

125 802 240 882 Scire,
262 803 345 868 deos
367 807 520 888 quonlam
542 809 679 890 propius
701 808 885 893 contingis,
907 809 1057 890 oportet,

125 923 209 987 Num
233 922 312 1006 quid
334 922 376 987 de
397 925 500 988 Dacis
521 918 669 988 audisti?
701 925 756 988 Nil
778 923 938 1008 equidem.
975 922 1022 990 Ut
1043 928 1081 991 tu

126 1037 269 1125 Semper
291 1044 358 1106 eris
380 1035 526 1106 derisor!
548 1043 598 1107 At
620 1059 735 1108 omnes
758 1042 791 1106 di
814 1045 988 1129 exagitent
1011 1061 1078 1124 me,

126 1155 165 1226 st
182 1160 368 1245 quidquam.
390 1154 504 1242 Quid?
526 1163 683 1226 militibus
698 1163 860 1246 promissa
875 1161 1053 1246 Triquetra
1161 1159 1201 1222 ii

179 1333 202 1382 1.
241 1331 331 1464 v'.)lii.
359 1331 480 1395 dalmat]
510 1335 571 1387 bSo.
603 1335 705 1384 luserit
722 1334 760 1383 M.
799 1329 836 1394 (r.
856 1326 1036 1384 bb'llabeut
1053 1335 1103 1384 erla
1124 1333 1204 1394 ism,

127 1414 183 1451 non
202 1415 271 1451 eros.

153 1505 205 1554 111.
243 1520 269 1557 ι.
288 1504 333 1554 aa.
357 1481 494 1572 camiso
512 1507 577 1558 cia.
628 1557 631 1563 .

124 1643 246 1704 perlecta
272 1643 301 1693 in
327 1646 481 1706 spectaverit
507 1649 533 1693 ct
560 1645 651 1692 iurarit
690 1656 773 1705 perne
794 1645 845 1692 oria
865 1643 1009 1693 densari»
1036 1648 1081 1693 et:
1109 1643 1160 1692 olli
1180 1649 1209 1693 tu

127 1725 234 1770 motare
263 1721 342 1770 nibil·
359 1721 502 1782 attinebat,
531 1735 592 1770 cum
617 1721 651 1769 aii
689 1721 996 1783 aemperosdariaortu
1019 1743 1047 1756 -
1075 1721 1103 1769 di
1120 1722 1209 1784 astopi-

128 1796 202 1847 velut
223 1798 329 1860 species
343 1800 561 1859 interrogationis
577 1799 650 1848 dire·
690 1796 761 1860 tent}
790 1799 917 1849 Formula
935 1798 1023 1848 solita.
1053 1797 1117 1847 Tae.
1135 1795 1208 1848 dnn.

127 1881 187 1926 ctae
212 1887 262 1936 pro
292 1875 463 1938 hypothetico
494 1877 518 1924 ai
546 1876 651 1938 quondo
689 1875 716 1935 6,
730 1875 757 1924 d.
784 1877 811 1924 iu
834 1877 935 1924 Tiberii
957 1874 1095 1938 Epistola:
1122 1874 1151 1922 di
1169 1885 1210 1922 nte

127 1957 278 2014 spectarat,
299 1966 409 2014 prorsus
433 1958 463 2002 ut
486 1953 541 2002 Sat.
564 1953 596 2010 2,
617 1951 649 2011 7,
688 1953 799 2016 quoa
805 1955 879 2014 poca
885 1954 1015 2015 perdum,
1035 1964 1114 2015 quom
1122 1951 1210 2012 perire

126 2031 181 2080 68:
209 2030 309 2078 Eoorti
325 2044 373 2091 pro
390 2033 413 2078 ai
429 2031 543 2080 eooaiati.
571 2029 650 2078 Prae-
688 2045 728 2081 me
745 2032 860 2094 quotidie
872 2031 972 2088 cautio,
992 2029 1112 2076 aiteio.

127 2107 203 2158 terea
213 2108 269 2156 mei
280 2108 477 2158 etFeaellodd.
487 2108 595 2157 firmant
604 2119 650 2156 no·
730 2107 860 2156 55-59.
905 2106 1030 2154 militibus
1057 2101 1207 2166 promitto]

128 2185 302 2244 stramleot.;
318 2187 372 2235 diro
382 2187 519 2235 dumtaxat
529 2184 651 2234 Poltierii
690 2185 741 2234 llio
755 2196 862 2246 qnoque
880 2184 976 2232 eodem
993 2189 1114 2244 tempore
1128 2176 1165 2242 (a.
1179 2193 1208 2230 u.
1256 2189 1259 2194 ’

128 2264 431 2324 exhibantspectovaii‚
446 2263 537 2312 nullus
550 2263 650 2311 iurarit.
690 2276 715 2311 c.
727 2261 789 2312 713.
804 2256 930 2320 exeunte)
950 2259 1123 2321 quotidianus
1146 2258 1210 2309 oiri-
1314 2279 1318 2286 ·

162 2341 289 2390 50-5t.
327 2338 465 2404 Fripidua]
487 2340 530 2390 Sic
544 2340 612 2402 Epp.
624 2339 650 2398 1,
689 2339 750 2388 tatis
763 2349 853 2386 sermo
866 2340 934 2384 erat.
954 2335 1078 2384 Etenim:
1092 2346 1164 2383 anon
1177 2331 1210 2383 de

128 2417 159 2477 3,
176 2417 229 2466 26:
261 2418 361 2480 fripida
384 2431 507 2468 coronam
525 2419 650 2480 fomento.
690 2417 744 2466 alia
764 2427 892 2476 agrorum
912 2413 1045 2463 divisione
1071 2411 1099 2459 b.
1120 2411 1140 2459 l.
1166 2410 1210 2471 agi

129 2495 173 2544 usi
187 2495 298 2544 sinister
310 2495 408 2556 aliquis
419 2508 450 2543 ac
460 2494 651 2543 formidolosos
691 2499 791 2557 potest,
818 2504 900 2555 quam
924 2491 957 2538 de
978 2501 1024 2546 ea,
1054 2485 1209 2549 quaefacta

128 2585 224 2620 rumor
236 2585 286 2634 per
303 2573 410 2633 singula
428 2573 498 2623 bivia
519 2572 653 2634 spargitur
690 2578 731 2622 esi
748 2576 808 2634 post
825 2581 943 2632 pugnam
964 2565 1102 2617 aetianam
1120 2563 1210 2612 media

129 2650 263 2698 alloslris
273 2650 302 2698 ln
316 2651 383 2698 urbe
396 2651 565 2710 mediantis,
579 2649 651 2698 unde
692 2653 781 2700 bieme
803 2663 830 2696 a.
850 2643 1008 2701 raa-rw
1028 2654 1090 2691 cum
1112 2639 1211 2689 Caesar

129 2727 249 2788 primum
266 2727 416 2781 emanavit,
436 2740 531 2776 omues
549 2739 592 2774 mc
609 2739 653 2776 re·
692 2743 723 2778 au
736 2728 819 2783 Asia,
838 2723 885 2773 ubi
905 2727 962 2771 tum
979 2718 1149 2793 morabatur,
1170 2728 1212 2764 re·

129 2817 190 2853 rum
213 2805 284 2852 scira
306 2805 468 2865 opinantur,
493 2809 585 2866 utpote
607 2803 653 2864 qui
692 2793 1210 2870 ponteBrundislumprolectusesaetad

130 2882 300 2944 principibus
324 2880 386 2929 viris
411 2883 548 2944 proximus
574 2880 652 2930 sim.»
693 2883 1060 2933 ,editionemveteranomm
1074 2870 1211 2933 quossiae

132 2959 194 3009 lton
208 2959 266 3007 sine
280 2959 396 3008 admixta
415 2959 549 3029 εἰρωνείᾳ
565 2971 597 3006 ex
614 2958 654 3007 in·
692 2961 770 3010 donis
797 2957 949 3013 dimiserat,
976 2948 1211 3012 compescendam.

134 3037 655 3098 ridipersonarumdaoauiltur.-ru-
692 3038 742 3086 llio
761 3037 804 3095 51,
825 3033 852 3082 d.
890 3032 948 3092 Qua
962 3029 1105 3079 occasione
1122 3023 1213 3072 militi·

132 3110 225 3174 niort]
246 3114 307 3163 Noli
320 3127 421 3176 ponere
434 3113 655 3174 interrogationis
693 3117 742 3164 bus
760 3113 815 3162 suis
838 3110 935 3173 partim
957 3105 1100 3169 pecuniam
1120 3101 1211 3153 dedit.

131 3190 242 3250 signum
256 3203 287 3239 ex
297 3205 349 3239 usu
359 3192 541 3242 recentiorum
550 3191 656 3252 lingua·
693 3192 771 3250 aliis,
793 3188 839 3251 qul
856 3187 947 3236 omnia
964 3195 1056 3232 seeum
1070 3179 1141 3227 bella
1154 3189 1214 3238 gea·

131 3281 204 3316 ram.
224 3267 280 3317 Cir.
296 3269 362 3331 lipp.
379 3270 403 3329 1,
419 3270 444 3328 1,
459 3269 503 3318 tir.
516 3293 551 3304 ·-
566 3265 654 3328 Dacia]
694 3271 800 3320 sissent,
815 3277 896 3325 agros
915 3262 996 3311 etiam
1009 3254 1156 3318 assignavit
1169 3264 1214 3302 eo·

131 3345 201 3395 Cum
222 3345 317 3396 bisbl.
340 3345 450 3395 Antonii
471 3345 569 3404 sociis,
598 3345 656 3406 ipso
693 3359 753 3395 rum
778 3342 923 3397 Italorum,
950 3337 995 3398 qui
1023 3331 1134 3382 Antonii
1156 3341 1215 3391 pan

132 3423 180 3473 illo
202 3437 276 3472 anuo
301 3423 381 3478 723..
408 3436 461 3485 quo
482 3424 549 3472 baec
570 3421 655 3471 Satira
695 3429 734 3472 tes
759 3419 970 3470 scantianam.»
1007 3411 1062 3460 Cir·
1082 3407 1216 3456 Kirchner

130 3501 284 3564 composita
304 3505 359 3559 est,
380 3500 483 3550 bellum
497 3500 655 3560 gerebatur3
695 3501 816 3561 Quaesit.
831 3495 925 3544 llorat.
945 3504 971 3553 p.
990 3489 1052 3538 liis
1072 3485 1131 3546 Quo
1147 3489 1217 3535 lem·

132 3579 167 3628 ad
180 3579 253 3641 quod
267 3591 293 3626 a.
309 3577 371 3626 rat.
390 3577 428 3628 bl.
438 3577 561 3636 Crassus,
572 3577 656 3636 illias,
696 3589 761 3640 pore
778 3575 845 3622 baec
858 3569 980 3631 scripsit,
1001 3566 1148 3615 etiamtunc
1161 3567 1217 3607 am·

133 3657 179 3718 qui
202 3669 217 3705 a
240 3655 347 3704 Parthis
371 3655 476 3703 occisus
498 3660 554 3714 est,
574 3653 656 3712 fliius,
695 3653 847 3714 bigebatur‚
866 3651 995 3697 utrumne
1013 3637 1165 3695 iuSioilia,
1182 3648 1218 3684 an

133 3737 233 3782 missus
247 3739 299 3782 eat.
320 3729 448 3794 (ernon.
464 3732 584 3792 3‚1a‚a.
608 3731 658 3779 llio
697 3733 724 3780 in
742 3729 820 3777 ltalia
836 3723 973 3777 veteranis
992 3715 1217 3786 tumultuantibus

133 3811 208 3862 Cass.
230 3812 276 3869 51,
291 3805 349 3872 22.)
372 3833 402 3844 -
421 3806 540 3870 maor]
562 3805 658 3877 εἴρων.
697 3808 797 3857 Caesar
830 3814 910 3866 agros
937 3802 1048 3850 daturus
1073 3797 1153 3844 esset.
1187 3813 1217 3826 -·

33 3909 37 3914 ·
134 3889 188 3939 Sal.
203 3889 263 3942 Cat.
278 3890 310 3937 5:
331 3887 465 3938 coitalibot
477 3885 660 3936 rciaimalotor
699 3884 839 3945 Triquetra
856 3877 1010 3940 antiquiore
1023 3882 1149 3922 sermone
1169 3880 1218 3930 pro

134 3982 165 4018 oo
192 3966 388 4018 dissimulator.
439 3965 520 4018 liliata
556 3964 661 4013 ridetur
699 3957 834 4022 tmonpolo
852 3957 922 4004 dieta
941 3957 981 4002 est
999 3945 1218 4000 Sieiliaalorma

134 4045 304 4096 constructio
322 4057 353 4094 ex
371 4044 413 4092 bis
429 4043 550 4102 duabue;
571 4040 662 4089 osem-
696 4033 873 4095 iriangularl,
899 4029 984 4080 tribua
1008 4019 1219 4088 promontoriis,
