2920 4792
518 351 584 398 ure.
606 350 641 396 n.
682 351 756 398 sar.
778 353 837 400 vn.
1132 331 1213 400 273

129 488 333 578 Quingentis
355 473 465 575 empto
489 457 655 556 drachmis
677 483 923 575 deprenderis?
944 490 1055 556 Aufer

126 612 307 698 Mepvoltu
329 612 456 674 terrere
463 629 473 695 3
496 628 624 674 manum
647 611 917 696 stomachumque
939 615 1072 698 teneto,

127 732 231 815 llum,
255 750 340 815 qnae
363 727 506 814 Crispini
530 729 642 796 docuit
664 750 715 796 me
738 733 876 816 ianitor,
899 733 972 797 edo.
1172 730 1214 794 45

127 852 177 916 'l'c
199 854 323 917 coniux
346 853 455 915 aliena
477 853 584 936 capii,
607 853 816 918 meretricula
836 853 984 916 tnvum:

126 971 255 1037 Peccat
278 974 522 1035 nier.nostrum
545 990 644 1038 eruce
667 964 827 1060 dignius?
850 972 951 1038 Acris
972 974 1028 1039 ubi
1049 992 1100 1038 me

126 1093 258 1157 Natura
280 1092 439 1178 intendit,
460 1093 522 1157 sub
545 1094 636 1157 clara
657 1092 746 1156 nuda
768 1094 906 1176 lucerna

181 1293 204 1342 1.
244 1308 269 1344 v.
288 1294 334 1343 43.
354 1295 549 1356 deprehenderis
567 1297 594 1345 b.
616 1291 683 1356 (nou
702 1290 759 1359 Sc.)
783 1310 810 1346 r.
829 1295 875 1345 45.
896 1297 1035 1362 Chrysippi
1052 1310 1078 1350 a.
1113 1293 1151 1361 (r.
1164 1296 1210 1348 48.

126 1363 238 1412 Habent
255 1365 368 1413 intendit
386 1361 461 1428 bSc.)
481 1365 551 1416 lbid.
572 1366 678 1415 inerma
695 1365 740 1414 Sc.
761 1359 828 1428 (uon
847 1362 887 1429 b.)

167 1462 205 1511 ll.
243 1476 270 1512 r.
289 1461 335 1510 43.
353 1462 549 1524 &mahomeria
566 1461 596 1512 F.
634 1477 661 1516 r.
680 1462 726 1512 48.
744 1463 859 1513 incendit
877 1461 953 1513 ter.

155 1559 208 1608 lll.
246 1573 272 1610 v.
293 1559 337 1608 48.
356 1560 471 1608 incendit

126 1719 151 1762 at
169 1713 253 1771 adda,
280 1713 304 1760 si
323 1713 386 1776 quid
402 1713 454 1767 nia,
476 1711 597 1773 probum.
619 1735 650 1747 -
690 1713 814 1776 spicuam
829 1717 855 1762 ei
870 1711 1034 1774 locupletem
1054 1711 1086 1761 de
1102 1712 1211 1761 illorum

125 1792 211 1840 vorbis
227 1787 344 1851 decoris]
366 1789 651 1839 «Cumtudicisami-
678 1805 818 1847 numero,
847 1791 893 1853 qui
922 1790 1013 1840 Garios
1037 1790 1162 1839 simulant
1187 1795 1212 1840 ct

127 1871 191 1919 cilia
211 1869 333 1926 ledum,
354 1869 405 1918 boo
424 1869 573 1918 obuolucro
586 1883 651 1918 usus
689 1870 868 1920 Bacchanalia
880 1871 985 1928 uiuunt,
1007 1882 1077 1928 non,
1097 1875 1127 1918 ut
1145 1868 1211 1917 olim

127 1953 153 1998 te
178 1948 326 2010 parasitum
346 1960 406 1996 esse
425 1947 580 2008 negabitis
607 1947 652 1999 Si·
689 1950 830 2009 volebant,
863 1949 1004 1998 Horatium
1034 1949 1136 2010 ipsum,
1167 1947 1212 1996 cui

126 2015 533 2088 militernristoph.Plut.158:
551 2027 652 2086 αἰσχυ-
689 2028 788 2076 anulus
808 2027 941 2089 equestris
964 2031 991 2075 et
1015 2027 1147 2075 iudicatus
1173 2022 1210 2087 (r.

125 2105 250 2170 νόμενοι
259 2129 270 2139 ·
280 2129 291 2138 -
301 2098 437 2168 Ὀνόματι
447 2105 651 2174 περιπέττουσι
689 2104 746 2169 53.)
762 2107 875 2155 minime
888 2107 1067 2164 conveniunt;
1089 2105 1211 2168 quamvis

126 2184 181 2250 τὴν
194 2183 376 2254 μοχθηρίαν.
691 2185 822 2234 utinnnlia
835 2186 932 2235 seruili
943 2186 1059 2247 quadam
1070 2185 1173 2232 malitia
1183 2184 1211 2232 in

160 2263 287 2322 ta-,ta
326 2261 394 2326 Quid
410 2258 449 2322 ti]
474 2260 545 2310 llino
565 2271 652 2322 usque
690 2265 786 2312 berum
797 2277 891 2313 servus
902 2263 1053 2325 detorquet.
1074 2263 1151 2323 Quod
1165 2276 1213 2310 au·

128 2343 160 2391 ad
173 2357 200 2392 v.
214 2341 261 2390 45.
279 2341 369 2390 Davus
383 2340 415 2389 de
429 2353 457 2388 se
474 2340 533 2402 ipso
547 2340 600 2388 iam
614 2338 652 2386 io·
691 2348 744 2391 tem
760 2356 787 2392 v.
801 2341 845 2390 46.
865 2341 970 2390 Davum
984 2341 1109 2402 luparum
1123 2345 1212 2389 secta.

128 2423 236 2489 quitur;
257 2421 305 2468 sed
322 2407 496 2469 occuitaarte
509 2419 585 2468 valer
597 2429 653 2465 ser·
690 2425 776 2470 iorem
803 2420 915 2482 opponit
940 2420 1054 2468 moecho
1080 2420 1209 2480 ingenuo,

127 2515 176 2552 rus
203 2503 231 2548 iu
256 2499 324 2548 baec
348 2498 493 2547 delabitur.
514 2523 543 2534 -
573 2496 652 2557 Quin·
691 2499 734 2550 vel
753 2499 830 2559 lingit
846 2500 897 2547 boc
911 2498 1021 2546 nomine
1037 2497 1119 2545 inisse
1130 2497 1211 2545 etiam

127 2576 222 2644 pontis]
236 2593 273 2626 =
287 2577 470 2627 morosioris
486 2589 517 2622 =
532 2576 583 2624 217
594 2574 652 2623 Fia-
691 2577 808 2639 (irispiui
827 2577 970 2626 ianitorem
988 2575 1031 2624 rei
1053 2575 1135 2623 utitur
1160 2587 1212 2621 no-

129 2659 202 2708 renis
214 2658 302 2706 liben.
319 2667 350 2699 =
366 2657 416 2708 315
430 2654 650 2710 Franc.llelvet.‚
691 2656 765 2705 mine
790 2669 931 2704 servorum
949 2654 1029 2704 valde
1049 2653 1147 2702 usitato
1162 2665 1211 2714 pro

128 2751 251 2796 summa,
271 2749 325 2798 qua
340 2735 436 2786 viliora
455 2740 559 2784 tantum
577 2739 652 2781 man·
691 2734 853 2796 appellativo
871 2735 948 2782 serui.

128 2816 381 2879 cipiaemebaniur.
394 2840 425 2850 -
439 2811 533 2878 Anser]
556 2813 652 2861 «absti-
725 2813 849 2862 48-50.
874 2813 979 2862 Natura
991 2807 1117 2872 intendit]
1138 2815 1213 2859 nien·

129 2910 178 2954 ne,
208 2895 305 2952 uoli3u
337 2908 370 2942 ex
400 2906 450 2942 usu
482 2892 651 2956 quotidiano.
692 2892 775 2952 tigino
796 2895 900 2942 vexat.»
938 2891 982 2940 Sic
1007 2891 1080 2939 recte
1101 2892 1155 2940 Fea
1181 2904 1212 2939 ex

128 2975 218 3023 Plani.
246 2973 356 3022 Curcul.
380 2973 412 3032 2¹,
437 2973 468 3031 1,
495 2972 545 3020 30:
574 2969 655 3032 Aufer
692 2971 794 3032 aliquot
815 2971 870 3018 suis
887 2970 970 3020 Codd.
995 2975 1021 3018 et
1039 2969 1107 3018 lidd.
1130 2974 1211 3030 veit„

128 3056 219 3108 istaec,
240 3065 345 3114 quaeso,
365 3056 443 3112 atque
459 3051 506 3098 boo
517 3049 653 3110 responde,
693 3050 854 3111 quibuscum
868 3049 1040 3098 consentiunt
1050 3048 1139 3109 plures
1152 3048 1213 3097 Poi-

129 3133 198 3196 qaod
214 3143 290 3193 rope.
312 3153 343 3163 -
363 3124 539 3189 stomachum]
569 3127 653 3174 «iram
693 3129 762 3177 tierii
782 3134 808 3177 ei
826 3129 879 3176 mei
896 3142 944 3190 pro
958 3128 1048 3176 minus
1063 3126 1160 3177 vernili
1173 3128 1213 3174 in·

130 3221 304 3270 compesce.»
341 3206 448 3254 Etenim
475 3206 519 3254 hie
546 3204 656 3265 lingitur
692 3208 787 3256 candit.
833 3206 898 3254 Cum
924 3210 980 3254 toto
1002 3205 1062 3253 loco
1085 3192 1213 3266 otimpara

129 3290 247 3338 frontem
265 3286 427 3334 contrahere
444 3283 655 3333 aoiorvovoltu
693 3285 859 3334 Philemonis
885 3285 930 3332 Fr.
964 3297 991 3345 p.
1023 3283 1084 3332 357.
1128 3283 1212 3332 blein.

72 3421 76 3429 ,
129 3368 267 3416 minacem
285 3365 401 3424 digitum
423 3361 551 3411 extollere
571 3360 655 3410 liora·
694 3364 835 3425 Sapieuier
860 3362 897 3410 ait
921 3360 1038 3423 primum
1061 3361 1213 3423 repperisse

131 3448 193 3494 tius.
213 3465 246 3480 -
264 3440 377 3500 ianitor]
398 3441 435 3489 lix
453 3441 538 3490 servis
554 3439 655 3489 viliori·
694 3442 822 3492 Solonem
834 3437 954 3504 Μεστὴν
967 3434 1083 3510 ὁρῶντα
1097 3438 1150 3505 τὴν
1163 3437 1215 3490 πό·

131 3525 181 3574 bus
199 3527 280 3572 eraut
296 3521 437 3578 ianitores,
457 3519 571 3577 ostiarii,
593 3519 655 3566 airi-
693 3521 737 3571 λιν
748 3520 905 3588 νεωτέρων,
917 3517 1047 3580 Τούτους
1057 3519 1078 3568 τ’
1089 3512 1214 3583 ἔχοντας

131 3615 224 3660 enses,
253 3605 350 3648 catena
380 3599 516 3647 interdum
540 3597 654 3658 alligati.
693 3598 746 3664 τὴν
769 3593 936 3662 ἀναγκαίαν
957 3593 1059 3659 φύσιν,
1077 3591 1216 3667 Sinapati-

131 3681 183 3730 llic
208 3679 292 3741 igitur
318 3678 438 3740 quotidie
464 3691 525 3725 cum
551 3676 656 3724 audiret
694 3673 799 3740 νονῑάς
815 3672 838 3726 τ’
857 3677 897 3737 εἰς
914 3670 986 3740 ὃμὴ
1001 3674 1153 3746 προσῆκον
1167 3669 1213 3741 ἦν,

132 3755 514 3812 dominideolamatiuncuias‚
526 3758 656 3816 ipseque·
693 3756 805 3820 Στήσαι
826 3750 989 3824 πριάμενὸν
1007 3769 1053 3803 τοι
1073 3760 1216 3820 γυναῖκας

132 3851 195 3901 quo·
212 3835 461 3898 semipbilosopbus
487 3834 573 3881 iactus
599 3837 657 3880 eret
694 3831 770 3884 κατὰ
789 3832 899 3894 τόπους
920 3829 1028 3892 Κοινὰς
1045 3827 1139 3882 ἅπασι
1163 3833 1215 3882 καὶ

133 3918 269 3979 talemque
294 3913 423 3962 effecerat
449 3913 531 3961 eiiam
552 3911 655 3960 Davum
694 3915 985 3974 κατασκευασμένας.
1008 3904 1128 3959 ‘Eordoi
1146 3925 1217 3974 γυμ·

133 3997 264 4054 sodalem,
280 3995 326 4042 cui
339 3992 493 4054 Crispinum
508 3992 597 4053 ipsum
611 4005 657 4039 au·
694 3991 757 4044 ani·
777 3988 819 4053 μὴ
836 3987 1032 4055 ξαπατηθῇς·
1047 3981 1133 4036 πάνθ’
1146 3981 1212 4055 ὅρα.

134 4077 190 4126 dire
203 4075 369 4134 denegatum
387 4076 454 4120 erat.
475 4071 534 4119 lam
549 4070 657 4131 sapiens
695 4063 757 4118 Οὐκ
770 4059 802 4118 εὖ
816 4067 945 4118 σεαυτοῦ
956 4061 1108 4129 τυγχάνεις
1121 4058 1215 4123 ixia,-

134 4155 179 4206 ille
205 4154 306 4203 ianitor
331 4151 458 4212 obiurgat
484 4151 573 4202 rirum
595 4161 658 4198 oon·
695 4139 1038 4208 ἔχεις-Ἐστυκότωςπως;
1052 4134 1214 4211 ribdpoe'aa'

217 4256 308 4288 nonar.
329 4254 386 4286 vot..
406 4253 436 4286 11.
1051 4225 1089 4286 18
