2888 4810
276 303 358 372 670
745 321 883 368 neuneu

275 469 367 514 antem
384 463 440 514 tilio
458 461 570 514 beneris
588 466 694 512 tantum
714 474 796 511 causa
815 463 964 510 memorato
978 466 1121 523 praecepta
1133 472 1188 508 non
1200 456 1340 514 traduntur.
1405 435 1406 458 ¹

275 547 314 611 (ιι.
335 542 408 610 366.)
444 547 538 610 Neque
557 545 627 595 aliae
647 546 739 594 insunt
757 544 944 604 difficultates,
966 557 1035 607 quae
1054 545 1186 595 removeri
1199 552 1341 609 nequeant:

274 645 338 680 nam
363 645 394 681 er
419 643 469 690 eo,
496 628 568 692 quod
594 629 624 678 L.
644 628 706 678 Piso
730 628 978 693 postconsulatum
998 628 1032 676 ab
1057 627 1127 678 Urbe
1149 628 1260 686 aluerit,
1280 631 1343 679 band
1406 625 1407 646 ¹

274 720 347 765 recte
365 726 381 762 a
400 713 538 786 nonnullis
557 713 712 774 colligitur,
733 725 781 775 per
799 725 846 762 ees
864 725 950 762 annos
969 712 1003 761 ad
1022 712 1152 762 maiorem
1172 713 1229 762 eius
1247 711 1343 772 filium,

274 799 376 848 Romae
398 803 427 847 nt
444 801 527 861 puto,
555 797 716 858 degentem,
749 797 819 846 banc
845 795 987 858 epistolam
1006 796 1118 846 omnine
1136 797 1217 846 scribi
1235 810 1288 846 non
1306 811 1345 859 pe

246 900 248 905 ·
275 882 372 938 tuisse,
393 881 439 930 sed
459 882 586 950 scriptam
598 893 665 936 esse
683 884 746 929 oute
766 881 937 929 consulatum
957 893 982 928 a.
1002 894 1030 928 u.
1049 893 1073 929 c.
1088 880 1148 930 739.
1168 880 1211 931 vel
1229 881 1279 930 bec
1294 881 1344 942 ipse

274 978 357 1015 anno.
378 979 380 986 ¹
395 965 472 1027 Quod
492 969 583 1014 antem
601 964 705 1015 nnllam
723 965 806 1026 patris
825 969 1065 1026 rerumgestarum
1079 964 1245 1014 mentionem
1258 964 1344 1022 reiicit,

274 1063 306 1098 er
314 1061 348 1098 eo
356 1049 536 1111 explicamus,
550 1048 622 1111 quod
629 1043 779 1097 Horatiusa
788 1049 950 1112 panegyrice
956 1060 1056 1109 genere
1065 1058 1174 1110 prorsus
1182 1048 1344 1097 abhorrebat.

274 1132 450 1194 Quinctilium
470 1139 560 1181 autem
580 1133 678 1180 Varum
698 1133 748 1181 etsi
769 1138 905 1181 merluum
929 1133 983 1181 iarn
1003 1147 1028 1181 a.
1046 1146 1073 1180 ιι.
1095 1146 1119 1181 c.
1139 1133 1201 1181 736.
1221 1131 1276 1180 XV.
1294 1136 1347 1193 post

274 1216 353 1264 anuis
374 1222 511 1279 tamquam
530 1229 624 1266 rerum
644 1215 730 1264 critici
749 1216 887 1278 specimen
906 1213 1010 1264 laudari
1030 1230 1056 1265 ι.
1070 1214 1131 1264 638.
1151 1228 1208 1264 non
1227 1215 1344 1278 potuisse,
1408 1211 1409 1262 ἶ

273 1299 392 1349 amicum
407 1299 564 1361 praesertim
576 1300 670 1362 politae
681 1299 931 1348 coniunctissimum
943 1297 1042 1360 (06.1,
1054 1296 1122 1362 aa),
1138 1312 1219 1366 peme
1227 1303 1345 1360 procerte

274 1383 428 1432 contendet.
477 1383 569 1445 Neque
593 1397 657 1432 vero
681 1395 712 1430 ex
733 1396 759 1434 v.
774 1383 822 1432 65.
843 1383 955 1443 colligas
978 1383 1125 1431 etiamtunc
1147 1383 1245 1432 vixisse
1269 1381 1346 1442 Virgi-

273 1465 341 1514 lium
360 1466 544 1529 Variumque,
577 1481 640 1516 euru
665 1467 748 1516 verba
775 1467 839 1514 satis
863 1465 1006 1514 commode
1027 1466 1066 1514 sic
1084 1465 1214 1526 explicari
1234 1466 1345 1528 possint:
1409 1505 1410 1538 3

276 1549 399 1611 abiegnis
426 1551 529 1612 politis,
562 1550 656 1612 quales
682 1553 773 1598 uoslra
800 1547 1101 1599 semiarrianorum.»
1150 1549 1266 1600 Maxima
1285 1545 1346 1596 dilii-

273 1633 360 1682 cultas
384 1639 474 1682 autem
496 1633 633 1695 pictisque
656 1633 714 1683 risa
732 1637 772 1682 cst
791 1632 856 1692 illa,
885 1632 956 1694 quod
975 1631 1008 1679 Α.
1028 1629 1058 1679 Ρ.
1078 1630 1140 1679 387.
1170 1631 1217 1693 Sp.
1236 1631 1345 1680 Maecius

273 1715 362 1778 Tarpa
389 1716 533 1766 manifesto
560 1722 697 1778 tamquam
722 1717 800 1766 ‘rivus
827 1719 1011 1773 memoratur,
1043 1715 1087 1763 oui
1114 1727 1140 1762 a.
1164 1729 1191 1763 u.
1209 1703 1238 1762 c.
1257 1713 1345 1763 betae

273 1797 403 1861 Pompeio
421 1801 520 1862 blegne
538 1800 729 1850 demandatam
743 1810 802 1848 esse
815 1799 915 1847 s'eimus
930 1811 1022 1847 curam
1039 1798 1241 1860 probandorum
1254 1795 1345 1845 tabula·

273 1893 349 1940 rnm,
363 1896 433 1946 quae
447 1885 474 1932 in
489 1883 558 1932 ludis
572 1884 627 1932 suis
639 1889 731 1932 essent
744 1883 875 1932 edendae.
890 1881 947 1931 Cio.
960 1883 993 1930 ad
1007 1882 1083 1930 Fam.
1097 1881 1123 1938 7.
1144 1883 1169 1940 1,
1193 1883 1220 1931 i.
1257 1879 1345 1930 Verum

273 1964 411 2016 Weicbert
429 1966 459 2014 P.
480 1966 510 2015 L.
530 1980 558 2029 p.
577 1965 639 2015 334.
659 1971 733 2033 recte
752 1968 856 2014 monuit
875 1970 984 2027 propter
1002 1966 1053 2014 boc
1075 1977 1130 2013 non
1154 1977 1217 2014 esse
1238 1965 1346 2025 cogitan-

271 2047 338 2096 dum
362 2049 395 2097 de
418 2049 555 2098 aedilitate
573 2049 680 2101 blaseii.
729 2049 787 2097 lam
810 2050 856 2098 nbi
875 2049 1047 2100 statuerimus
1066 2049 1138 2096 bunc
1156 2060 1185 2097 a.
1206 2059 1274 2096 u.·c.
1290 2046 1344 2095 699.
1411 2092 1412 2114 ,

272 2129 356 2181 inisse
375 2137 462 2182 aetate
479 2134 632 2196 quaestoria
647 2129 766 2196 (XXVII.
781 2129 871 2194 anu.),
892 2137 970 2182 natus
988 2145 1050 2180 cum
1070 2133 1104 2181 sit
1118 2132 1231 2181 circiter
1248 2143 1272 2180 a.
1286 2145 1310 2178 u.
1323 2143 1344 2177 c.

270 2215 333 2266 672.
352 2221 473 2280 tempere
491 2217 571 2266 buius
589 2217 741 2288 scriptionis
760 2223 840 2265 senei
858 2214 910 2264 luit
926 2229 1063 2264 annorum
1076 2215 1172 2274 Lam,
1197 2227 1249 2278 qua
1268 2216 1345 2262 aetate

273 2299 400 2361 permulti
426 2306 452 2351 et
477 2301 587 2350 luerunt
611 2305 638 2349 et
664 2301 753 2349 adbuc
778 2301 891 2362 perboni
918 2305 980 2348 sont
1006 2301 1160 2360 polimetum
1191 2299 1293 2356 critici;
1321 2299 1345 2343 nt

271 2387 377 2432 iaceam
397 2385 511 2435 consilio
530 2385 578 2435 ille
596 2384 676 2448 qnod‘
686 2383 778 2434 Pisoni
798 2385 892 2444 datur,
912 2385 1000 2447 potius
1019 2385 1114 2432 scitam
1132 2383 1233 2434 biaecii
1246 2381 1343 2430 laudern
1412 2385 1413 2440 t

272 2467 422 2527 contineri,
450 2482 530 2531 quam
549 2474 579 2519 ut
597 2469 742 2519 crediderit
759 2469 880 2530 nuquam
899 2467 973 2526 iere,
1000 2471 1029 2516 nt
1048 2463 1343 2516 adolescenscarmini·
1412 2463 1413 2472 ’

272 2550 321 2599 bus
335 2551 415 2600 nimis
429 2550 584 2615 frequenter
596 2564 658 2601 cum
668 2565 733 2601 senc
743 2550 948 2601 communicatis
961 2551 1024 2599 buic
1037 2549 1115 2600 valde
1128 2549 1342 2599 incommodaret.

271 2633 350 2695 Quod
369 2635 401 2683 ad
422 2635 451 2684 L.
472 2635 577 2685 Pisonis
596 2635 724 2698 praelecti
743 2633 812 2684 illios
830 2635 942 2694 attinet,
963 2633 1031 2682 nibil
1045 2646 1110 2682 sane
1124 2633 1157 2682 de
1178 2633 1220 2682 bis
1239 2633 1341 2688 constat,

270 2717 323 2766 nisi
349 2719 422 2780 quod
447 2719 517 2767 Acro
535 2719 651 2766 'Lucium
679 2710 756 2769 vocat
779 2721 905 2767 molerem
931 2720 1051 2767 iuvenem
1077 2731 1102 2767 v.
1128 2716 1191 2766 366.
1212 2717 1242 2766 L.
1254 2719 1342 2764 'autem

269 2798 333 2849 Piso
351 2801 412 2860 ille,
432 2802 526 2850 consul
546 2803 592 2864 qui
610 2801 661 2851 luit
678 2815 704 2850 a.
725 2800 758 2851 ιι.ι
773 2815 798 2850 c.
818 2801 879 2851 763.
899 2802 1031 2865 cuiusque
1049 2801 1254 2862 magnanimem
1272 2797 1342 2846 liber·

269 2887 352 2933 tatem
371 2889 503 2934 memorat
516 2883 582 2935 Tae.
594 2885 666 2935 Anu.
680 2885 711 2945 9,
732 2885 794 2945 34..
814 2899 839 2934 a.
860 2899 888 2934 u.
907 2899 932 2934 c.
951 2885 1012 2934 769.
1033 2881 1098 2948 (que
1112 2897 1142 2934 ea
1157 2889 1249 2934 uestra
1263 2881 1342 2930 conie

270 2971 345 3016 ctera
373 2966 469 3016 xLili.
497 2981 583 3018 nunes
610 2973 688 3020 natus
713 2969 809 3018 luisset
831 2969 861 3018 L.
889 2968 994 3018 Pisonis
1023 2969 1151 3031 praelecti
1180 2968 1240 3017 urbi
1267 2958 1340 3025 iilius)

269 3054 296 3099 ei
314 3055 428 3100 moriem
447 3059 643 3114 opportunam,
666 3065 720 3115 qua
738 3053 884 3101 crstinotus
905 3057 1026 3102 estante
1047 3065 1127 3115 quarn
1142 3061 1205 3100 reus
1226 3053 1340 3113 peractus

269 3139 340 3184 esset
353 3147 379 3183 a.
393 3149 422 3184 u.
436 3148 461 3185 e.
475 3136 537 3185 777.
552 3137 622 3184 Αηιι.
636 3136 663 3192 b,
677 3137 737 3194 PL,
752 3148 786 3183 an
801 3135 877 3184 Lucii
890 3149 946 3184 cos.
959 3135 1039 3194 739,
1054 3149 1089 3185 an
1102 3135 1186 3184 Gnaei
1201 3147 1257 3183 cos.
1271 3131 1339 3188 7³1,

268 3217 341 3289 iilius
354 3218 445 3276 inerit,
454 3231 503 3268 nos
514 3219 682 3278 ignoramus:
692 3218 866 3267 tortasse-luit
873 3219 944 3268 tertii
954 3217 1068 3267 alicuius
1077 3219 1182 3268 Pisonis
1191 3217 1271 3266 illius.
1286 3215 1342 3262 Pre-

268 3307 328 3364 pler
339 3303 467 3363 rationes,
482 3316 548 3365 quas
559 3301 654 3361 attuli,
671 3301 796 3365 equidem
806 3303 917 3364 antiquo
928 3301 1093 3351 Scholiastae
1103 3301 1256 3350 testimonie
1267 3297 1340 3346 reira-

268 3386 325 3446 gari
340 3386 435 3434 nolim.
461 3383 495 3434 rit
504 3385 550 3447 qui
564 3387 614 3434 rati
627 3389 690 3434 sunt
701 3385 794 3433 Artem
808 3385 941 3447 politicam
956 3386 1083 3447 scriptam
1096 3399 1155 3435 esse
1169 3392 1288 3450 tempore
1299 3393 1340 3430 an·

267 3469 366 3519 teriorc
380 3471 448 3518 intra
462 3480 548 3518 annos
560 3467 724 3528 736-735.,
739 3480 793 3530 quo
806 3471 927 3530 tempere
940 3481 1036 3517 recens
1050 3467 1129 3518 luerit
1141 3467 1279 3530 Quinctilii
1292 3477 1340 3513 rue

267 3554 371 3614 meria,
386 3553 500 3604 riserint
513 3553 659 3601 etiamtunc
672 3549 801 3614 Virgilius
815 3557 841 3600 et
854 3551 964 3611 Verius,
979 3551 1152 3615 Maeciusque
1166 3552 1254 3613 aptior
1266 3559 1339 3611 quam

267 3635 400 3685 decennio
420 3638 479 3698 post
497 3635 577 3686 iberit
595 3635 629 3685 ad
649 3636 771 3684 carmina
789 3629 987 3695 diiudicanda,
1001 3648 1090 3698 neque
1109 3641 1199 3684 tamen
1219 3638 1293 3696 aptos
1310 3629 1339 3678 ad

266 3719 330 3766 talla
357 3719 545 3780 componenda
572 3717 602 3768 L.
631 3718 736 3767 Pisonis
762 3716 833 3767 fliius
859 3717 964 3773 maior,
997 3717 1096 3780 qnippe
1120 3717 1165 3780 qui
1190 3721 1254 3766 tunc
1279 3723 1339 3776 puer

266 3800 375 3850 circiter
391 3801 549 3852 xn-xiv.
569 3813 705 3851 annerum
723 3801 831 3857 luisset,
852 3801 935 3848 alium
950 3800 1076 3850 Pisonem
1091 3801 1338 3862 circumspectantes

265 3889 444 3948 reppererunt
466 3885 516 3935 Cn.
536 3883 681 3942 Pisonem,
708 3897 789 3946 quem
808 3887 942 3933 memorat
959 3885 1044 3932 Tacit.
1064 3883 1137 3932 Anu.
1156 3875 1202 3943 2,
1218 3883 1277 3940 63,
1296 3877 1337 3927 nbi

265 3967 315 4018 Cu.
334 3967 480 4028 Pisonem,
512 3965 668 4016 Germanici
693 3965 977 4030 inimicum,‚Syriae
1002 3979 1018 4024 a
1045 3967 1153 4018 Tiberio
1178 3964 1336 4030 praelectum

265 4051 364 4111 tradit,
391 4051 496 4114 inqendo
513 4051 671 4110 violentum,
695 4052 777 4100 insito
794 4051 892 4114 [crocle
909 4063 927 4099 e
942 4055 1041 4112 petre
1058 4049 1096 4098 Pi
1102 4063 1189 4109 ecoe,
1212 4049 1257 4110 qro'
1274 4043 1337 4095 erait

263 4131 328 4182 belle
350 4137 511 4197 resumentes
532 4134 561 4183 iet
583 4133 674 4197 Africo
695 4133 787 4196 portes
806 4129 847 4195 (a.
869 4148 895 4182 ιι.
915 4145 940 4184 e.
962 4129 1037 4196 768.)
1057 4133 1182 4184 acerrime
1199 4126 1335 4180 minorato
