2842 4808
255 307 341 380 Ιὖ90
728 329 871 379 noanon

200 557 204 561 ι
257 470 303 537 nt
325 471 470 561 pugilem
492 459 654 537 victorem
676 473 711 536 et
732 486 851 556 equum
873 467 1055 536 certamine
1079 469 1213 554 prirrrum

257 592 303 658 nt
325 594 480 658 iuvenum
502 609 603 659 curas
624 593 658 658 et
679 593 785 659 libera
806 592 886 665 vina
907 591 1050 657 reterre.

256 713 455 798 descriptas
475 731 614 779 servare
635 713 730 780 vices
751 731 954 798 operumque
975 712 1107 800 ociores

257 834 326 901 Cur
347 854 412 923 ego
435 837 464 900 si
486 839 615 919 nequeo
637 837 824 924 ignoroque
845 837 947 919 poeta
970 825 1126 900 salutor‘t

257 953 326 1023 Cur
347 945 478 1025 nescire
500 956 630 1041 pudens
652 975 758 1041 prave
781 975 878 1041 quam
900 955 1030 1021 discam
1053 946 1168 1018 maio?

256 1075 420 1143 Versibus
442 1080 566 1162 exponi
587 1079 728 1166 tragicis
749 1095 806 1142 res
828 1078 954 1144 comica
976 1095 1044 1140 non
1065 1077 1158 1141 volt:

256 1175 461 1287 Indignatur
479 1199 556 1264 item
578 1200 722 1284 privatis
743 1217 784 1265 ac
805 1215 912 1284 prope
934 1215 1037 1263 socco
1296 1191 1330 1254 90
1392 1161 1393 1178 ἵ

257 1319 379 1408 Dignis
400 1319 601 1387 carminibus
621 1299 751 1386 narrari
773 1337 880 1387 coena
902 1317 1084 1404 Thyestae.
1116 1339 1123 1352 ·

253 1531 390 1586 Construe
411 1537 521 1584 autemr
540 1531 618 1586 Maro
633 1533 705 1584 dedit
722 1533 780 1598 fidi·
818 1531 959 1596 «appellor
981 1532 1062 1595 perita
1087 1531 1121 1581 ah
1147 1530 1283 1588 omnibus,
1307 1532 1329 1578 ei

254 1613 304 1664 eur
314 1613 387 1677 lym
399 1614 495 1677 referre
507 1613 595 1673 ἀίυον,
609 1626 665 1664 uon
683 1613 780 1678 referre
801 1624 868 1673 ¹ego
885 1617 941 1661 tam
960 1607 1144 1662 honorificum
1161 1623 1260 1659 nomeu
1282 1621 1329 1657 non

256 1693 331 1742 dicer
352 1690 455 1756 fidibus.
475 1717 508 1728 -·
526 1705 637 1755 equam·
646 1687 778 1754 primam]
817 1692 955 1740 recusoiu
976 1711 1010 1725 -
1023 1681 1328 1752 privatis-carminibus]

256 1771 439 1830 «victorem»,
463 1775 493 1821 ut
513 1769 593 1820 Pind.
615 1769 723 1835 Olymp.
744 1771 779 1830 1,
818 1769 963 1820 «sermone
986 1768 1168 1831 versibusque
1189 1768 1256 1818 vitae
1274 1777 1328 1828 quo-

256 1850 301 1900 iss.
330 1849 504 1918 Φερενίκου,
535 1849 663 1898 Hieronis
694 1847 778 1913 equi,
818 1849 953 1907 tidianae‚
974 1847 1083 1911 qualem
1100 1847 1329 1897 imitaturcomoe

254 1927 392 1982 meminit.
412 1949 445 1960 ··-
465 1924 557 1988 ittera]
578 1927 611 1977 de
627 1921 781 2000 παρ’ῥησίᾳ
818 1927 881 1987 dia,
907 1927 994 1989 aptis,
1022 1939 1079 1985 non·
1094 1927 1210 1976 heroum
1229 1923 1328 1984 tragico

256 2004 491 2068 compotantium,
511 2009 541 2054 ut
560 2005 617 2056 Sat.
636 2008 661 2066 1,
680 2007 708 2068 d,
727 2005 779 2058 89:
818 2020 879 2056 rum
909 2006 1060 2055 actionibus
1097 2019 1129 2055 ac
1165 2003 1327 2055 facinoribus.

255 2083 382 2134 Condita.
400 2097 458 2133 eam
485 2097 567 2136 cerac
590 2087 678 2148 opertt
702 2098 781 2148 prae·
818 2086 895 2148 Quod
914 2085 936 2134 si
954 2091 1009 2138 tarn
1027 2085 1157 2148 imperite
1179 2083 1271 2147 aliquis
1290 2093 1327 2143 ge-

256 2163 349 2228 cotdiu
365 2163 461 2221 Liter,·
481 2177 551 2213 nour
573 2163 665 2227 «larga
688 2165 778 2217 uina.»
818 2163 1326 2228 neraconsundat‚indignatoricctor-3u

291 2240 405 2292 tio-an.
425 2239 679 2306 coemptas-oen]
696 2243 779 2294 «Cum
819 2255 867 2307 pro
885 2255 956 2306 quo,
976 2247 1014 2292 *ut
1031 2243 1113 2300 simui
1134 2242 1282 2304 exemplum
1296 2235 1327 2287 ai·

159 2354 164 2360 -
256 2321 326 2371 haec
352 2321 451 2382 varia,
483 2335 553 2384 quae
585 2323 779 2384 enumeravit,
818 2321 904 2382 ierat,
924 2335 1039 2371 coenam
1062 2321 1213 2386 Thyestae,
1241 2317 1325 2369 summi

257 2397 347 2463 potiris
368 2413 495 2462 opera-s.
518 2414 620 2462 genera
640 2403 722 2452 certis
743 2401 781 2452 ie·
818 2401 940 2451 horroris
952 2401 1050 2463 tragici
1069 2406 1271 2463 argumentum,
1288 2409 1327 2460 po·

256 2478 336 2541 gibus
363 2479 450 2528 semel
481 2480 631 2542 descripta,
664 2481 779 2540 idest,
820 2479 868 2527 nit.
883 2474 1324 2544 navemnarrararahc’gayytip
1392 2533 1393 2536 ,

257 2557 415 2620 singulatim
428 2559 612 2609 constitutaei
629 2558 781 2610 diuisasint
819 2570 881 2606 cum
899 2557 928 2606 in
945 2547 1057 2606 scemam
1077 2558 1192 2620 produci
1209 2565 1325 2616 nonpos-
1392 2563 1393 2582 ³

256 2637 779 2700 aGraecispotissimumhisiegihus,
819 2635 862 2686 sit.
884 2660 915 2671 -
942 2633 1068 2701 simpuio]
1095 2638 1199 2686 Rursus
1225 2631 1325 2684 inculcat

199 2765 202 2770 ,
257 2728 374 2780 quarum
399 2729 482 2766 causa
510 2723 536 2767 et
561 2715 629 2767 ratio
656 2716 727 2767 inest
752 2718 781 2766 in
818 2720 1010 2778 praeceptum,
1030 2707 1323 2778 montesancto

256 2795 316 2858 ipsa
336 2796 434 2844 mentis
451 2796 588 2852 humanae
605 2801 720 2856 natura,
739 2811 781 2846 re·
820 2794 971 2854 «Locum»
992 2795 1095 2857 inquit,
1117 2809 1216 2858 «quom
1233 2787 1323 2852 singula

256 2875 355 2936 iigiose
372 2875 615 2937 obtemperandum
634 2882 691 2936 θείς
723 2877 781 2939 qui·
819 2873 926 2932 sortita,
947 2887 994 2923 sua
1009 2879 1105 2924 natura
1124 2879 1204 2924 nacta
1222 2863 1324 2921 suntuel

255 2961 311 3017 'que
333 2964 379 3003 eas
400 2953 475 3014 leges
498 2953 540 3005 vel
561 2969 617 3004 non
638 2956 718 3024 novit¹
735 2955 780 3006 vei
819 2951 847 3000 in
863 2953 1002 3014 tragoedia
1018 2954 1061 3004 vei
1082 2953 1109 3002 iu
1129 2951 1277 3008 comoedia,
1293 2950 1324 2994 te·
1392 3015 1393 3020 Ἰ

257 3032 372 3081 licenter
400 3032 516 3093 migrat,
549 3035 645 3096 poetae
669 3035 780 3084 nomine
819 3025 1046 3091 concidentem,
1066 3027 1186 3082 κατὰτὸ
1201 3030 1322 3101 πρέπον.»
1392 3023 1393 3026 ’

257 3111 387 3173 indignus
405 3115 455 3160 est.
479 3111 512 3160 In·
525 3107 619 3174 primis
635 3119 725 3162 autem
743 3114 781 3165 vi·
818 3111 909 3160 Lectio
935 3123 1085 3172 paucorum
1109 3109 1195 3161 Codd.
1214 3109 1323 3158 decentem

257 3191 339 3240 tanda
356 3194 398 3239 est
414 3201 497 3252 prava
511 3203 643 3252 generum
656 3192 780 3243 confusio
818 3195 876 3240 orta
899 3193 939 3238 est
969 3201 1000 3238 er
1028 3188 1273 3239 accommodatione
1296 3179 1322 3230 ad

257 3269 715 3335 aopermixtio,ucoiusexemplum
729 3277 780 3322 sta·
817 3283 844 3320 v.
865 3268 958 3317 locum·

257 3347 305 3397 iim
330 3347 470 3410 subiungit
490 3363 516 3398 r.
536 3349 580 3399 89.
608 3373 638 3387 -
662 3349 777 3414 celerer]
831 3345 953 3408 [didi.
974 3339 1217 3406 interdumtamcn]
1233 3337 1321 3398 «Nona
1392 3369 1393 3388 u

255 3425 317 3476 iioc
333 3439 394 3478 voc.
415 3427 604 3490 complectitur
622 3434 650 3479 et
671 3429 778 3479 dicendi
817 3425 919 3489 pergit,
953 3424 1142 3476 «contundere
1168 3417 1321 3493 χαρακτῆρα

257 3501 779 3569 genus(stilumquemdicimns,Graeci
817 3503 973 3568 tragoediae
994 3509 1020 3552 ot
1038 3504 1212 3561 comoediae;
1243 3508 1320 3562 quam-

256 3581 311 3635 τὸν
320 3584 494 3657 χαρακτῆρα
504 3583 557 3637 τοῦ
567 3582 668 3652 λόγου,
678 3581 778 3658 ἁδρόν,
817 3597 898 3648 quarn
916 3585 999 3645 probo
1022 3584 1104 3643 nori,
1130 3583 1199 3632 iram
1216 3579 1320 3638 aliosque

157 3651 161 3660 ’
257 3661 380 3724 ἰσχνόν,
413 3663 517 3726 μέσον
544 3663 618 3714 tien.
644 3665 675 3726 7,
715 3661 777 3730 td.)
817 3663 1034 3715 vehementiores
1069 3657 1181 3712 affectus
1210 3647 1320 3722 persona·¹

256 3745 284 3790 et
311 3740 536 3792 versificationem
562 3744 660 3808 cuique
685 3745 778 3806 generi
817 3755 877 3791 rum
888 3743 1054 3791 comicorum
1066 3741 1162 3803 partim
1171 3735 1318 3788 sublimiore,

256 3824 357 3882 aptam,
376 3820 454 3870 cuius
467 3823 601 3884 praecepti
613 3823 705 3874 violati
719 3823 779 3872 iiiu-
817 3821 915 3884 partim
933 3821 1037 3870 acriora
1054 3833 1154 3881 genere
1171 3813 1269 3868 dicendi
1285 3822 1318 3858 ex·

255 3899 777 3968 stredederaterempiumchaeremon‚
817 3901 974 3964 primendos
992 3913 1072 3960 csse,
1100 3913 1181 3962 quam
1200 3895 1243 3946 ubi
1260 3896 1318 3940 tran·

255 3973 292 4040 ὃς
318 3975 440 4043 ἐποίησε
470 3978 640 4049 Κένταυρον
669 3975 779 4047 μικτὴν
817 3967 1317 4043 epuiiiuuestanimnseorum‚111¹iill

254 4050 415 4128 ῥαψῳδίαν
436 4051 468 4118 ἐξ
486 4050 624 4108 ἁπάντων
648 4057 706 4110 τῶν
729 4059 779 4125 μέ·
817 4071 899 4109 scena
913 4054 1098 4122 comparent.»
1116 4081 1145 4092 -
1159 4068 1239 4107 uocem
1251 4039 1315 4104 tottii]

249 4147 341 4203 ,rpem
356 4129 450 4196 (arim.
464 4133 539 4184 raet.
553 4131 593 4199 1.)
614 4155 644 4172 *-
664 4133 778 4201 aelmor]
817 4137 903 4191 Huius
924 4137 1052 4191 versiculi
1074 4137 1196 4188 meminit
1215 4131 1315 4182 aenaim
