2856 4782
15 4057 20 4086 l

34 4223 62 4246 Q

467 277 533 324 ms
553 277 576 323 1.
617 275 690 322 ΕΔΤ.
711 275 744 322 V·

77 420 233 488 Cocceius
255 413 443 502 Capitoque
464 416 559 483 simul
579 413 761 495 Fonteius,
782 411 827 478 ad
847 387 992 500 unguem

76 542 200 606 Faetus
221 538 337 622 bomo,
358 537 488 602 Antoni
511 554 579 599 non
601 535 639 598 ut
660 534 770 621 magia
791 532 878 598 alter
899 533 1032 598 amicus.

77 659 211 724 Fundos
231 656 368 722 Aufidio
389 657 500 721 Lusco
523 657 681 738 praetore
703 651 848 717 libenter

77 779 282 863 Linquimus,
303 777 411 841 insani
432 773 584 840 ridentes
604 775 751 858 praemia
772 771 916 860 scribae,
1109 763 1150 828 35

77 897 289 962 praetextam
311 899 345 961 et
368 897 469 961 latum
491 895 623 960 clarum
646 911 838 977 pruinaeque
860 893 1019 957 batillum.

78 1019 113 1081 In
132 1017 381 1083 Mamurrarum
401 1015 483 1080 lassi
503 1013 624 1078 deinde
645 1011 728 1078 urbe
749 1029 937 1096 manemus,

123 1192 148 1241 1.
186 1206 215 1243 r.
235 1189 280 1239 36.
298 1189 420 1239 vatillum
432 1189 459 1238 b.
480 1188 548 1238 item
566 1187 612 1260 S„
632 1186 680 1237 sed
698 1198 833 1248 superser.
851 1183 970 1234 batillum
983 1183 1075 1246 sieque
1094 1195 1119 1232 o.

110 1297 147 1346 Π.
186 1310 214 1348 r.
234 1295 278 1345 36.
297 1295 418 1344 vatillum
435 1295 465 1343 F.

104 1400 150 1453 IV.
189 1400 246 1450 Sat.
266 1399 299 1450 V.
317 1415 345 1450 r.
365 1399 556 1462 ωρωηεφκ
574 1371 883 1448 amarmurmultus
902 1399 981 1461 prob.
1001 1397 1107 1449 Bolbio.

79 1565 143 1616 quae
170 1547 357 1616 βραχυλογία
374 1549 455 1598 etiam
472 1549 501 1598 in
517 1562 598 1612 prosa
635 1521 784 1598 nuntiarat.
805 1572 837 1584 -
864 1549 972 1600 libenter
988 1550 1158 1617 Linquimus]

78 1645 115 1679 or.
127 1629 274 1690 reperitur.
300 1627 368 1690 Nep.
382 1628 522 1690 upana:
542 1641 599 1676 era·
638 1633 769 1690 opropter
786 1626 953 1689 molestiam,
979 1641 1060 1691 quam
1081 1632 1159 1681 nobis

79 1710 144 1757 ditus
157 1713 247 1756 mrtem
258 1707 311 1761 sio,
330 1711 360 1755 at
375 1719 449 1754 mmo
466 1705 599 1755 ibebaoas
638 1704 733 1754 insulsi
741 1705 859 1753 bominis
870 1717 952 1766 prava
964 1707 1092 1758 sedulitas
1103 1723 1160 1759 ere-

79 1787 169 1849 nopia.
198 1784 255 1835 Cio.
270 1784 304 1832 de
318 1783 397 1832 Finu.
411 1784 438 1842 1,
451 1783 484 1832 da
501 1784 600 1844 aoripta
638 1787 718 1842 asset,
742 1782 874 1832 sidiulius
885 1783 921 1831 ibi
937 1786 1039 1834 morari
1049 1799 1161 1837 necesse

80 1864 159 1912 natta
170 1868 233 1910 auat
251 1858 363 1923 (nobis),
382 1861 546 1924 aieatplura
557 1873 601 1909 ne·
639 1861 760 1911 suisset.»
779 1859 881 1909 Fundis
898 1861 979 1922 igitur
991 1875 1046 1912 non
1065 1877 1161 1926 perno-

79 1941 139 1989 mini
160 1931 297 1989 onostrr'o.
639 1943 759 1998 otarunt,
792 1939 818 1988 id
846 1941 917 2001 quod
945 1941 1026 1989 etiam
1054 1947 1162 2008 propter

110 2018 226 2068 alr-36.
264 2011 387 2078 Fundos]
405 2017 486 2067 bodie
507 2015 600 2070 Fandi,
640 2017 764 2078 exiguam
782 2017 874 2079 oppidi
893 2017 1048 2067 distantiam
1063 2033 1079 2067 a
1097 2019 1162 2069 Tar·

81 2097 143 2146 Latii
156 2095 307 2158 oppidum,
328 2099 421 2144 natum
441 2099 549 2156 propter
564 2093 603 2144 ri·
641 2096 732 2144 racina
760 2095 943 2144 necessarium
970 2109 1024 2144 non
1049 2096 1108 2146 suit.
1131 2121 1159 2132 -

81 2189 141 2224 num
160 2187 343 2236 generosum,
364 2174 482 2223 distabat
503 2185 519 2221 a
537 2171 603 2220 Tar·
638 2168 778 2234 praenoto]
807 2173 924 2234 insignia
943 2174 1068 2235 bonoria,
1093 2187 1163 2239 quae

81 2253 169 2302 racina
182 2251 246 2300 xil.
263 2250 301 2301 M.
316 2250 345 2300 P.
357 2271 388 2288 ο
406 2250 510 2314 Aufidio
522 2250 603 2298 roseo
642 2252 717 2314 qnasi
732 2253 852 2313 praemia
863 2251 1038 2314 pristinorum
1052 2267 1163 2303 suorum

78 2326 212 2394 marture]
244 2327 366 2378 Aufidius
391 2329 491 2377 Fundis
513 2329 605 2376 oriun·
642 2331 800 2378 meritarum
818 2331 978 2380 ostentabat.
999 2356 1030 2367 -
1049 2329 1162 2394 arabae]

83 2412 127 2460 dos
145 2409 229 2458 inisse
250 2410 383 2456 monstrat
399 2407 473 2456 Suet.
487 2405 544 2455 Cal.
559 2406 603 2454 23.
642 2409 710 2468 Nep.
729 2407 854 2456 Eum.1:
874 2407 950 2467 Apud
969 2421 1017 2457 noa
1036 2423 1064 2458 ro
1084 2423 1163 2468 vera,
1237 2407 1245 2422 ”

83 2486 203 2537 Ceterum
223 2486 276 2534 boe
297 2485 442 2547 oppidum,
468 2489 534 2533 teste
556 2483 605 2532 Fe·
641 2487 708 2534 siout
719 2490 790 2546 runt,
799 2487 953 2533 mercenarii
964 2485 1062 2535 aeribus
1077 2488 1166 2535 eristi·

84 2571 136 2627 sto,
154 2564 326 2628 praefectura
346 2569 418 2622 erat,
443 2577 498 2613 non
518 2562 606 2611 muni·
642 2569 759 2613 muniar.
780 2589 812 2598 -
838 2563 921 2611 latum
943 2559 1062 2624 olavum]
1090 2577 1166 2612 sena-

85 2645 196 2714 eipium:
219 2642 343 2691 Aufidius
363 2641 445 2703 igitur
466 2642 548 2689 bomo
571 2640 606 2688 ri·
643 2643 742 2690 torium
764 2641 901 2701 babilam,
933 2654 987 2704 quo
1004 2641 1105 2690 Fundis
1128 2641 1166 2691 uti

85 2723 169 2770 diaule
194 2733 297 2780 vanus,
317 2720 392 2782 prius
412 2719 521 2776 scriba,
542 2724 606 2767 tunc
645 2722 763 2782 poterat,
790 2719 835 2767 ubi
857 2731 937 2768 nemo
962 2719 1071 2768 eumin
1096 2720 1167 2769 ordi·

84 2800 253 2862 praefectus,
280 2811 382 2847 nomen
401 2795 533 2858 praetoris
555 2795 606 2844 sibi
645 2807 707 2844 nem
732 2797 858 2856 cogebat,
887 2810 943 2846 non
962 2797 1025 2846 item
1045 2797 1166 2855 Romae3

85 2881 270 2938 arrogaverat,
290 2881 320 2925 nt
339 2879 478 2938 praetores
495 2887 524 2922 re
543 2886 606 2924 vera
646 2875 732 2936 magis
759 2874 903 2922 ridiculum
926 2875 952 2924 id
967 2877 1055 2924 ‘etiam
1075 2887 1167 2925 eoram

86 2957 112 3004 in
147 2954 289 3004 nonnullis
321 2953 476 3015 municipiis
509 2952 608 3000 summi
647 2953 812 3008 Maecenate,
832 2953 1168 3014 quiangustoclavooon·

86 3034 257 3093 magistratus
268 3032 444 3091 vocabantur,
465 3030 608 3080 relutAle·
647 3035 734 3080 tentus
746 3037 812 3080 erat.
828 3053 861 3064 -
880 3029 1016 3092 batillum]
1038 3031 1167 3080 «Videtur

86 3113 146 3172 itii,
177 3112 323 3174 Capenae,
355 3110 473 3159 Puteolis
501 3106 608 3172 (inser.
648 3111 690 3159 lrio
705 3111 811 3158 batillos
829 3123 850 3160 s.
871 3110 990 3159 batillum
1006 3108 1111 3159 saeuius
1129 3123 1170 3158 sa·

87 3191 142 3239 bat.
151 3191 184 3240 N.
195 3184 304 3250 3785.),
323 3187 382 3239 Liv.
394 3189 438 3247 23,
447 3188 498 3237 19:
520 3185 610 3248 (Prae-
648 3187 786 3236 criilcandi
800 3201 879 3236 eausa
893 3188 1028 3250 praelatus
1039 3189 1101 3236 bule
1114 3199 1170 3236 ma·
1254 3195 1256 3204 ’

86 3265 204 3330 uestioi)
225 3267 366 3317 incoluerat
392 3267 530 3314 Praeneste
554 3277 610 3313 eum
649 3267 786 3328 gistratul,
815 3279 877 3314 eum
902 3264 970 3314 nihil
998 3265 1037 3314 rei
1059 3265 1169 3314 maioris

85 3353 243 3408 praetore
261 3357 308 3393 ouo
326 3344 467 3395 armatae
486 3340 611 3403 (sariba
649 3357 728 3406 agere
742 3343 860 3392 solerent
876 3345 935 3392 sine
954 3343 1097 3391 sacrificio.
1118 3341 1171 3390 Ad-

87 3427 110 3473 ta
125 3431 211 3473 antea
235 3419 340 3488 fuerat)
367 3423 508 3470 redierant.
539 3419 612 3468 Alibi
649 3426 745 3473 ventus
770 3425 860 3468 autern
882 3419 1046 3469 Maecenatis
1065 3422 1091 3467 et
1109 3417 1171 3467 reli-

89 3503 248 3560 dietatores,
268 3499 405 3561 magistri,
423 3497 559 3547 meddices
573 3503 612 3546 tu·
650 3511 765 3563 quorum
787 3497 929 3559 oppidanis
952 3497 1004 3545 illis
1024 3511 1066 3546 res
1085 3495 1170 3548 videri

89 3580 144 3631 tici.
172 3578 327 3642 ltaqueille
345 3581 490 3638 antequam
507 3575 614 3624 Maece·
651 3577 758 3628 maximi
772 3575 902 3625 momenti
919 3575 1030 3638 potuit.»
1052 3575 1135 3627 Girsu.

89 3659 306 3720 uatemeiasqne
320 3655 612 3710 comitesoouveuiret,
693 3655 822 3704 37—tlr.
867 3655 1065 3705 Mamurrarum
1092 3649 1171 3715 orbe]

91 3738 206 3786 edietum
216 3721 396 3799 praemiserat
409 3746 471 3782 eum
484 3733 614 3794 praescri·
651 3733 755 3785 Festive
781 3732 914 3804 εἰρωνείᾳ
933 3733 1053 3786 Formias
1076 3727 1172 3794 (bodie

90 3817 181 3877 ptioue
202 3812 350 3866 armum
365 3809 485 3860 'Lusco
514 3809 615 3858 Pusa-
651 3811 722 3863 Molo
740 3811 767 3859 di
786 3807 880 3871 Gaetu)
899 3809 960 3858 ΧΠ.
974 3810 1012 3861 Μ.
1027 3810 1056 3859 P.
1071 3823 1086 3858 a
1102 3808 1173 3858 Fun·

93 3893 195 3954 FORE,
227 3905 282 3955 quo
305 3888 455 3940 honorilice
479 3901 525 3937 aas
546 3887 616 3935 exoi-
653 3891 693 3939 dis
711 3889 839 3939 distantes
857 3888 1006 3949 designata
1024 3887 1172 3946 Mamurra,
1241 3885 1245 3892 '

92 3971 194 4033 plebat,
220 3971 265 4024 vel
287 3981 337 4033 per
356 3979 501 4016 accensum
520 3965 614 4014 eadem
653 3969 742 4030 equite
755 3967 892 4022 Romano,
912 3966 1048 4030 praetecta
1067 3965 1173 4014 labrum

91 4046 207 4099 formula
228 4061 277 4100 eoa
295 4059 325 4098 ee
342 4047 539 4097 conventurum
556 4053 616 4092 ⁰⁸⁸0
655 4044 849 4098 luliicaesaris
862 4043 890 4093 in
904 4041 1001 4103 Gallia,
1022 4042 1174 4105 qui'ingen·
