2856 4782
199 345 200 352 ,
252 281 330 352 106
613 301 750 350 uonnrn
771 301 971 350 snrrnunun

566 833 847 923 sn'rlltn-
885 833 1009 922 vll.

193 1129 207 1162 .·
249 1087 436 1181 Proscripti
457 1095 565 1184 Regis
587 1096 701 1182 Rupili
723 1115 787 1181 pus
808 1100 909 1182 etque
931 1115 1096 1162 venenum

248 1212 401 1302 Hybrida
425 1235 489 1300 quo
513 1219 612 1300 pacto
635 1220 679 1282 sit
701 1216 840 1282 Persius
862 1219 969 1300 ultus,
993 1219 1112 1301 opinor

250 1333 410 1403 Omnibus
432 1340 466 1402 et
487 1339 589 1426 lippis
610 1342 722 1403 notum
745 1340 779 1402 et
801 1339 994 1405 tonsoribus
1015 1355 1101 1403 esse.

300 1568 323 1617 1.
361 1568 416 1620 Sat.
436 1568 496 1619 vll.
515 1583 543 1621 r.
555 1570 581 1619 1.
600 1567 697 1634 liupolt
715 1569 743 1620 S.
764 1565 831 1634 (non
849 1563 905 1632 bo.)
930 1567 993 1620 13.
1013 1567 1127 1618 thn‘da
1146 1565 1192 1618 bs.
1213 1565 1282 1628 (non
1296 1564 1336 1632 e.)

282 1747 339 1799 Vll.
377 1749 478 1812 Lepide
496 1755 602 1810 narrat,
634 1750 770 1812 quomodo
809 1748 958 1800 Octaviano
971 1753 1081 1815 auctore
1097 1749 1279 1812 proscriptus,
1302 1752 1339 1800 ad

247 1826 278 1876 P.
300 1827 423 1890 Rupilius
443 1826 498 1876 Rex
519 1841 582 1876 cum
594 1827 688 1878 Persio
706 1842 771 1890 quo-
809 1828 921 1877 Brutum
941 1827 1026 1890 sugit,
1046 1842 1062 1877 a
1081 1842 1135 1892 qno
1155 1828 1183 1878 in
1204 1829 1338 1878 comitum

247 1904 311 1954 darn
341 1904 527 1966 Clazomenis,
568 1906 661 1956 lonico
687 1908 769 1966 urbe,
809 1907 948 1956 eohortem
965 1911 1090 1968 receptus
1111 1911 1160 1956 est.
1209 1907 1338 1957 'festibus

248 1996 340 2033 eoram
377 1984 415 2036 Μ.
448 1985 547 2045 Bruto,
596 1986 771 2048 propraetore
810 1985 967 2035 Scholiastis
993 1986 1106 2036 Horatio
1138 1987 1338 2048 ignobilitatem

246 2061 344 2124 Asiae,
373 2064 507 2114 acerrima
524 2065 697 2114 contentione
715 2065 772 2114 liti·
810 2065 918 2127 generis
932 2077 1012 2128 saepe
1033 2065 1220 2127 exprobrarit;
1253 2079 1338 2129 quam

246 2142 343 2204 gerit,¹
369 2143 493 2206 Rupilius
518 2143 630 2205 insuper
656 2144 772 2194 acerbis·
810 2143 1001 2194 contumeliam
1031 2144 1137 2194 ulturus
1164 2147 1243 2208 potita
1273 2159 1339 2194 enm

248 2222 324 2270 simis
341 2222 490 2281 conviciis,
514 2223 623 2271 Persius
639 2222 772 2274 uilissima
810 2223 861 2272 hac
885 2223 967 2272 satira
992 2221 1091 2283 irrisit,
1124 2227 1151 2272 et
1170 2237 1226 2272 non
1247 2223 1339 2272 solnm

247 2304 326 2352 utens
359 2314 424 2363 erga
460 2302 573 2350 Brutum
605 2302 771 2352 adulatione.
810 2303 885 2366 ltepir
911 2313 1063 2363 cognomen
1094 2302 1269 2365 praeposuit,
1309 2307 1339 2352 ut

247 2377 369 2430 Tandem
404 2380 513 2430 Persius
553 2381 624 2430 selse
646 2381 772 2444 aliquod
810 2380 873 2430 inde
894 2395 920 2432 v.
949 2380 993 2429 35.
1017 2380 1107 2429 iocum
1130 2384 1255 2443 caperet,
1289 2381 1337 2430 sed

248 2458 348 2508 dictum
367 2457 394 2508 in
419 2459 605 2510 adversarium
627 2459 771 2522 expromit,
810 2459 895 2516 etiam,
913 2472 968 2507 uon
986 2458 1044 2508 sine
1063 2471 1144 2509 cause
1157 2461 1339 2524 proscn'ptum

246 2537 319 2600 quod
337 2537 418 2587 totius
434 2538 592 2588 historiolae
612 2551 728 2588 acumen
746 2541 773 2586 et
810 2537 977 2596 nominarit,
992 2538 1055 2600 quia
1075 2537 1133 2599 ipse
1146 2551 1201 2586 non
1220 2537 1339 2600 proseri-

164 2673 165 2678 ,
246 2616 324 2678 quasi
346 2616 494 2666 medullam
516 2618 653 2675 continet,
680 2631 707 2667 v.
727 2615 770 2665 33.
810 2620 885 2679 ptus,
906 2615 953 2664 sed
966 2619 1062 2678 sponte
1076 2629 1124 2666 sue
1136 2616 1170 2665 ad
1183 2615 1299 2666 Brutum
1308 2629 1338 2666 se
1422 2627 1423 2630 ’

246 2706 322 2756 seqq.
344 2699 425 2757 atquo
446 2694 667 2744 narratiunculae
688 2693 772 2743 linem
810 2693 993 2744 contulerat.»
1022 2694 1124 2755 Sronn.
1141 2720 1170 2730 -
1182 2692 1245 2757 pres]
1265 2708 1338 2744 mor·
1422 2755 1423 2768 ἵ

245 2770 369 2834 imponit.
389 2773 470 2822 1111.
507 2772 634 2822 Horatius
647 2772 771 2822 tribunus
810 2772 913 2822 deoitas
930 2778 957 2822 et
973 2771 1165 2822 maledicentia
1183 2773 1338 2836 impurare
1422 2775 1423 2818 5

247 2849 306 2898 mil.
328 2849 398 2898 duce
419 2851 502 2900 Bruto
520 2851 577 2913 ipse
596 2856 660 2901 tune
680 2851 773 2902 Clazo-
810 2850 950 2914 pestilens.
970 2851 1042 2902 Nos:
1063 2851 1131 2915 Gtsr
1149 2853 1213 2900 und
1232 2851 1336 2902 Galle.
1422 2881 1423 2886 =

248 2927 337 2976 menis
362 2927 469 2978 ridetur
488 2930 613 2992 degisse,
641 2935 770 2994 atquea.
810 2929 1264 2990 5117111111111111111115,11
1300 2945 1339 2981 se·

246 3019 275 3056 u.
298 3019 323 3054 c.
343 3007 405 3057 713.
428 3009 545 3070 primam
565 3010 637 3058 bano
659 3023 771 3060 suarum
809 3013 898 3070 ntum,
917 3011 1048 3066 vomitus,
1066 3023 1126 3072 pur.
1146 3033 1177 3046 ·-
1197 3008 1334 3072 Hybrida]

246 3086 390 3135 satirarum
414 3089 616 3150 composuiss03
657 3089 771 3151 perinde
810 3089 1019 3142 »Clazomenius
1045 3090 1119 3139 enim
1151 3089 1218 3147 luit,
1260 3096 1338 3152 patre

246 3165 328 3216 etiam
356 3165 529 3216 iudicandam
553 3180 715 3229 censemus,
739 3169 770 3218 id
809 3169 948 3226 Asiatico,
967 3174 1054 3218 matre
1068 3169 1200 3218 Romana.
1239 3168 1338 3220 Civita-

245 3248 304 3305 est,
323 3244 396 3294 baud
414 3247 496 3295 nimis
515 3259 618 3298 severe·
809 3255 863 3298 tem
885 3251 975 3296 tamen
996 3246 1146 3297 llomennrn
1168 3247 1337 3306 obtinuerat,

279 3323 367 3373 1-3.
385 3383 386 3390 ¹
404 3326 479 3389 llepts
498 3322 600 3387 Rupili]
621 3325 672 3374 or:
690 3324 773 3388 liupi·
809 3328 878 3376 Eum
903 3326 985 3388 igitur
1005 3330 1034 3375 ut
1056 3327 1269 3388 semisomnnum
1292 3327 1338 3376 de-

245 3401 298 3452 lius
315 3403 371 3453 Rex
390 3404 600 3463 Praenestinus,
621 3417 704 3466 eques
720 3405 772 3453 Ro·
809 3406 879 3456 ridet
897 3405 1053 3456 Horatius«
1090 3406 1130 3455 Ex
1146 3405 1244 3456 Senon.
1263 3405 1335 3454 Plin.

244 3494 358 3542 manus,
379 3495 404 3532 a.
424 3482 485 3532 702.
504 3483 633 3544 magister
651 3482 772 3544 publice·
808 3486 841 3546 8,
864 3484 915 3535 79:
942 3485 976 3533 ln
995 3485 1067 3534 nullo
1086 3498 1177 3548 ponere
1194 3481 1289 3547 (quem
1309 3485 1336 3532 in

248 3572 363 3619 norum,
384 3560 431 3621 qui
444 3561 472 3608 in
485 3561 611 3625 Bithynia
628 3560 770 3622 vectigalia
809 3559 914 3624 suibus]
935 3577 1014 3626 deque
1038 3563 1125 3627 1111111
1141 3565 1262 3612 eristum
1279 3577 1339 3612 eum

246 3636 399 3697 erigebant,
420 3637 511 3687 luerat
520 3634 628 3700 (Gicmd
637 3639 713 3687 Fam.
728 3639 768 3698 13,
807 3643 880 3706 sero,
901 3643 1016 3710 qualiter
1032 3647 1112 3692 notos
1125 3643 1231 3705 antiqui
1246 3643 1338 3706 hybri-

245 3713 271 3775 9,
291 3709 330 3775 2.)
350 3718 376 3763 et
388 3719 481 3777 postea
500 3727 515 3763 1
533 3716 636 3766 civibus
655 3716 772 3765 Praene·
809 3722 856 3770 (111
874 3721 1012 3786 uocabant.
1038 3721 1094 3771 Cir.
1113 3721 1230 3772 Martini.
1244 3722 1275 3779 o,
1291 3722 1336 3771 39.

245 3791 322 3839 stiuis
341 3791 369 3841 in
391 3792 501 3841 exilium
524 3794 639 3855 missus,
668 3795 717 3843 sub
738 3795 768 3844 P.
810 3823 840 3834 -
859 3796 951 3861 lippis]
989 3797 1086 3850 «Adeo
1108 3800 1145 3850 111
1170 3798 1338 3861 divolgatum

244 3868 519 3922 1111111101707.
541 3873 569 3921 iu
589 3870 680 3923 Africa
703 3872 769 3938 (non
808 3891 885 3936 esse,
906 3877 1005 3940 quibus
1028 3879 1115 3928 modis
1135 3879 1282 3928 insectatus
1305 3879 1339 3928 sit

243 3947 389 4006 toscona,
410 3955 440 3999 ut
458 3955 498 4000 est
514 3953 585 4015 apud
601 3949 705 4016 schol.)
726 3953 770 4002 sti-
807 3956 914 4005 Persius
936 3955 1091 4017 Rupilium,
1128 3961 1157 4006 ut
1178 3961 1204 4006 et
1225 3958 1254 4006 in
1275 3962 1339 4006 ton·

244 4027 343 4090 pendia
356 4034 502 4081 meruerat.
534 4030 572 4082 ·Α.
585 4031 646 4082 711.
668 4033 769 4082 liomno
808 4034 899 4083 strinis
917 4033 986 4082 baec
1006 4039 1032 4084 et
1045 4034 1188 4086 medicinis
1203 4032 1337 4100 (tabernis

245 4112 354 4169 praetor
376 4108 481 4172 tectus,
514 4111 561 4163 sed
584 4125 600 4162 1
621 4110 769 4176 triumviris
807 4110 977 4162 medicorum
1016 4108 1181 4176 vulgarium)
1224 4119 1336 4164 narrata
