2928 4794
253 329 333 397 332
597 345 737 393 uonaun
759 345 995 392 unisuounaun

253 488 414 554 Rusticus
435 489 612 571 exspectat
635 485 709 549 dum
732 484 856 551 detiuat
878 485 999 575 amnis3
1022 487 1057 546 at
1079 477 1146 547 ille¹

252 610 392 674 Labitur
414 613 448 673 et
470 609 602 690 labetur
623 610 656 669 ln
678 626 774 671 omne
795 606 952 670 volubilis
973 622 1102 670 aevum.

253 728 432 810 Quaeritur
453 731 628 816 argentum
652 728 829 811 puerisque
851 721 950 816 beata
972 723 1126 791 creandis

176 882 179 887 ·
252 847 348 914 Uxor
370 850 403 912 et
426 835 570 913 incultae
592 849 757 931 pacantur
777 864 912 911 vomere
933 847 1059 910 silvae:
1296 838 1337 897 15

253 967 349 1049 Quod
371 969 455 1031 satis
477 971 529 1032 est
551 967 603 1032 eui
625 967 808 1054 contingit,
830 966 910 1030 nillil
932 947 1073 1048 amplius
1095 967 1200 1048 optet.

251 1089 328 1154 Non
350 1087 466 1152 (lomus
488 1089 522 1151 ei
544 1086 684 1172 fundus,
706 1105 774 1150 non
795 1088 884 1150 aeris
906 1103 1049 1150 acervus
1070 1086 1106 1149 et
1126 1084 1199 1148 auri

251 1209 409 1296 Aegroto
432 1207 553 1272 domini
575 1205 713 1270 deduxit
735 1223 877 1290 corpore
899 1205 1022 1284 febres,

240 1379 243 1382 ’
306 1383 328 1432 1.
365 1396 391 1431 v.
411 1377 560 1442 ttisntml]
585 1381 629 1431 ho.
654 1381 693 1429 ntl
712 1379 739 1430 S.
766 1380 804 1431 bl.
843 1375 878 1440 (Α
896 1393 922 1428 v.
941 1379 986 1429 li.
1006 1377 1095 1428 Codex
1114 1391 1139 1428 c.
1160 1389 1273 1446 maneus
1293 1381 1337 1428 est

252 1452 389 1516 usquead
408 1451 458 1514 llp.
477 1451 503 1507 3,
523 1445 580 1513 23.)
617 1463 644 1501 v.
663 1449 709 1500 18.
726 1451 822 1513 febrem
841 1449 868 1500 S.
890 1445 957 1514 (nou
975 1445 1015 1512 b.)

292 1548 328 1600 ll.
365 1564 391 1600 v·
410 1547 455 1598 ld.
469 1547 590 1612 concipit,
609 1546 727 1596 btcntbil
739 1547 770 1596 b.
789 1547 909 1611 conttpe't,
927 1546 1024 1596 tanibtl
1036 1545 1066 1596 G.
1085 1544 1334 1609 conttnpitmtlffl.

280 1645 350 1765 lV‘.C
363 1645 614 1764 pidib'plaeantar
631 1641 794 1696 Wakefield.
831 1657 857 1695 v.
875 1643 922 1694 aa.
941 1643 1044 1693 deducit
1063 1641 1148 1693 Godd.
1168 1642 1233 1705 aliq.
1254 1641 1335 1692 deda·

252 1729 301 1765 can
352 1729 368 1766 o
408 1725 500 1777 .a1q.

253 1854 346 1903 bitror.
367 1877 399 1888 -
418 1845 553 1912 llasttcns]
580 1850 671 1900 «Facit
687 1855 773 1900 utru-
811 1849 897 1900 Serm.
911 1849 961 1902 aa:
982 1850 1211 1912 cumipsaaeoee
1226 1853 1336 1902 dcccc

252 1931 334 1980 alicus
351 1929 396 1978 ille
412 1929 440 1984 in
457 1928 571 1984 labella,
589 1933 671 1992 puto,
691 1927 773 1978 Aeso·
810 1928 883 1978 ditae
899 1929 990 1977 modae
1006 1929 1178 1990 procreandis
1191 1929 1278 1978 liberie
1290 1931 1337 1979 de-

253 2009 313 2072 pia,
345 2006 390 2068 qai
412 2019 474 2055 oum
496 2007 598 2055 otiosus
616 2006 723 2056 sederet
744 2007 771 2055 in
810 2008 894 2066 ditas,
921 2009 976 2056 tom
992 2013 1127 2069 peecatum
1147 2012 1202 2063 est:
1229 2009 1265 2055 ad
1284 2009 1336 2057 boc

253 2087 311 2150 ripa
324 2085 460 2145 fluminis,
480 2085 661 2147 iuterrogatus
683 2098 698 2134 a
717 2085 773 2135 via·
810 2086 877 2134 emm
894 2085 1001 2134 dndtae
1016 2098 1094 2133 acor.
1132 2084 1336 2134 Namtdetiam

177 2154 182 2160 ’
252 2172 325 2217 tore:
355 2163 441 2224 «Quid
461 2163 510 2212 tibi
529 2163 573 2212 bio
592 2164 674 2214 visin
707 2163 772 2212 ultr·
810 2162 914 2212 tabulae
942 2163 1075 2217 indicant,
1112 2161 1157 2210 abi
1191 2163 1333 2212 acdbltnr:

252 2246 358 2306 specto,
373 2241 544 2303 respondam
564 2241 651 2291 donec
671 2241 772 2291 defluat
807 2240 944 2289 liberam
958 2240 1242 2301 procreandorum
1259 2253 1335 2289 cau·

252 2320 357 2379 amnis,
377 2324 406 2368 ut
418 2320 548 2368 siccatum
561 2324 726 2369 transeam.»
740 2343 771 2358 -
809 2331 854 2366 ea.
875 2317 977 2366 Similis
990 2323 1048 2366 erat
1057 2316 1264 2366 Atheniensium
1277 2317 1334 2367 tor-

251 2394 386 2460 colabttia]
407 2397 601 2458 0d.le‚1,t⁰:
629 2411 773 2461 aquaeve·
810 2396 882 2446 mula
908 2396 980 2458 apud
1008 2393 1190 2446 Menandrum
1209 2396 1254 2445 l'r.
1275 2397 1332 2447 inc.

251 2477 357 2536 labiles,
394 2488 503 2539 semper
538 2476 638 2526 ostium
677 2489 771 2527 versus
809 2474 876 2523 185:
895 2471 944 2523 dni
955 2471 1066 2523 παίδων
1079 2473 1180 2544 σπόρῳ
1194 2471 1360 2539 stirpem,

252 2555 375 2605 fluentes.
808 2553 880 2602 σίων
895 2549 1006 2615 Λίόωμι
1021 2551 1071 2601 aot
1083 2565 1116 2616 pe
1128 2549 1183 2618 τὴν
1196 2549 1333 2616 ἐμαυτοῦ

286 2633 331 2683 tt.
351 2632 397 2682 45.
431 2625 590 2694 'Quaestum
615 2630 771 2681 Seawntiae
808 2629 969 2700 θυγατέρα.
988 2651 1019 2664 -
1037 2625 1135 2691 Mate]
1155 2629 1333 2691 copulante.»

250 2713 304 2762 boc
319 2709 401 2759 modo
418 2707 535 2760 inter'se
556 2714 770 2759 connectuntur:
808 2708 876 2759 Mire
886 2707 947 2756 alii:
968 2702 995 2770 1)
1010 2707 1175 2766 «secundam
1195 2703 1223 2770 2)
1238 2712 1331 2771 «apta,

254 2791 352 2838 «Reate
369 2787 480 2837 vivendi
499 2792 591 2836 autem
603 2793 708 2850 tempus
721 2787 771 2836 dil·
809 2799 878 2850 quae
889 2787 1018 2836 maritum
1036 2787 1125 2836 beat.»
1146 2810 1177 2821 -
1195 2783 1332 2849 incultae]

250 2867 336 2918 l'ertur
354 2879 369 2915 a
385 2864 522 2928 plerisque
539 2865 574 2914 ob
587 2865 704 2913 nimium
717 2869 771 2914 stu·
809 2878 896 2927 «quae
912 2865 1018 2914 nullum
1032 2869 1191 2927 proventum
1201 2863 1331 2924 afferunt,

251 2946 325 2995 dium
339 2958 396 2994 rem
414 2942 549 3002 laeieudi3
571 2943 648 2992 auius
665 2945 771 3005 eupidi—
809 2949 881 2992 certe
900 2943 981 3004 longe
995 2943 1128 2993 minorem
1142 2956 1330 3007 quamam.»
1349 2979 1357 2993 .

250 3024 293 3072 nis
307 3021 460 3072 molestiam
472 3020 552 3070 facile
565 3021 665 3070 devitat
678 3022 710 3081 is,
724 3021 770 3083 qui
808 3042 840 3058 -
857 3019 1005 3084 pacantur]
1024 3022 1259 3082 Quemadmodum
1277 3023 1332 3071 lio-

250 3115 299 3152 saa
312 3105 384 3150 sorte
396 3104 554 3160 contentus,
573 3098 639 3149 ntbil
657 3099 770 3160 amplias
808 3101 881 3150 mani
896 3106 999 3162 pacata
1014 3101 1141 3150 dicebant
1156 3113 1240 3161 regna
1253 3100 1330 3150 bello

173 3197 176 3205 *
250 3185 336 3242 optat.
356 3179 382 3228 ls
395 3179 524 3238 demam,
545 3178 591 3241 qui
608 3179 661 3227 bue
677 3190 771 3240 perve-
807 3178 909 3228 domita
921 3179 985 3228 etin
996 3179 1198 3241 provinciarum
1211 3178 1330 3228 sormam

181 3295 186 3298 -
249 3260 304 3318 nit,
324 3257 446 3308 animum
463 3270 543 3306 suum
559 3257 683 3308 excolere
697 3262 723 3306 et
735 3249 779 3305 ab'
808 3258 933 3316 redacta,
956 3257 995 3306 sio
1015 3258 1099 3307 silvae
1120 3258 1203 3307 aratri
1227 3271 1279 3320 ope
1299 3258 1335 3309 in

250 3337 334 3388 animi
346 3335 594 3399 perturbationibus
606 3348 635 3386 se
653 3335 769 3384 liberare
807 3348 871 3385 arva
888 3333 986 3384 fertilia
1005 3339 1123 3385 mutatae
1140 3340 1214 3384 recte
1235 3335 1329 3384 dicuu-

211 3473 212 3480 ἵ
249 3415 374 3481 poterit.»
396 3427 427 3450 ⁴—
447 3410 606 3478 arpentnm]
630 3415 658 3464 b.
681 3415 699 3464 l.
714 3427 768 3463 aon
807 3415 973 3475 turpacart‚·
992 3427 1230 3463 comerarmoram
1244 3414 1331 3462 instar

250 3509 331 3545 suasa
343 3500 501 3558 separated.»
521 3498 550 3542 ut
571 3507 708 3542 nonnemo
729 3493 770 3541 in·
807 3505 853 3542 eas
871 3491 973 3540 domat.
1010 3491 1097 3541 Simili
1113 3491 1233 3553 imagine
1252 3492 1328 3554 Virp.

249 3577 409 3635 terpretatus
437 3577 492 3632 est,
519 3573 566 3620 sed
587 3573 712 3632 pecunia,
740 3576 769 3619 ut
807 3569 856 3619 Ge.
870 3570 896 3624 2,
911 3569 973 3620 239.
992 3571 1026 3620 de
1044 3576 1132 3620 terra:
1153 3584 1330 3631 eanecman·

249 3651 304 3700 Sat.
318 3651 345 3708 2,
359 3649 385 3709 o,
400 3649 450 3698 10:
470 3663 527 3698 men
543 3656 571 3698 ta
586 3655 696 3711 arpenta
709 3654 769 3709 post
806 3650 898 3697 sacadt
913 3649 1026 3697 arando
1051 3647 1146 3712 Aeque
1161 3641 1276 3719 ἄκυρον
1287 3653 1331 3697 est

249 3730 338 3778 omnia
356 3741 451 3788 ponas.
467 3719 498 3763 -ὲ
515 3728 604 3789 pneris
617 3751 627 3761 -
639 3723 768 3787 creandis]
806 3725 979 3777 Waketieldii
990 3727 1133 3787 placantur
1145 3739 1247 3776 vamme
1258 3741 1293 3776 ac
1306 3727 1329 3776 si

249 3805 376 3855 liormula
389 3805 466 3854 solita
483 3805 510 3852 in
528 3803 627 3852 tabulis
644 3803 769 3864 nuptiali·
806 3805 866 3868 quis
879 3803 995 3854 diceret:
1015 3804 1123 3866 «gladio
1141 3805 1268 3855 destricto
1284 3817 1330 3854 me

249 3886 308 3934 bus.
346 3883 431 3934 Tacit.
446 3882 519 3932 Anu.
533 3882 576 3938 11,
590 3881 639 3930 27:
662 3879 768 3942 (Silium
807 3882 951 3944 placavit.»

201 3997 203 4006 .
248 3968 274 4014 et
291 3957 476 4022 Messalinam)
496 3958 620 4008 adbibitus
640 3961 685 4022 qut
704 3960 769 4010 obst·
840 3960 954 4010 17-53.
983 3958 1093 4024 domae]
1114 3961 1242 4020 variavit,
1257 3975 1329 4024 quae

248 4048 374 4106 pausent,
394 4039 462 4088 octat
474 4039 694 4100 naetpiendomm
708 4039 769 4089 ttbe·
807 4051 887 4101 supra
909 4043 1124 4098 memoraverat;
1144 4041 1236 4089 domas
1253 4041 1328 4090 enim

139 4139 143 4147 ·
249 4133 339 4169 rorum
350 4129 430 4167 caasa
444 4117 600 4166 conuenisse.
623 4115 767 4178 augustia.
786 4161 789 4176 ,
807 4118 950 4180 respondet
968 4119 1044 4168 uxori
1061 4132 1124 4168 cam
1142 4119 1250 4179 liberis,
1269 4121 1329 4182 [an-
