2920 4792
520 297 586 344 ara.
607 295 640 342 ιι.
680 296 753 344 ser.
774 297 820 342 vr.
1126 273 1206 342 253

127 431 292 524 Hercule!
314 430 371 516 st,
387 434 476 520 qnod
489 435 604 521 adest,
617 439 750 524 gratum
764 437 875 512 iuvat,
890 433 953 500 bac
968 451 1069 518 prece
1084 436 1118 498 tc
1131 452 1207 498 oro:

127 557 259 645 Pingue
283 575 388 641 pecus
409 555 541 620 domino
562 555 669 620 facias
691 559 726 620 ct
747 559 862 620 cetera
884 557 1020 639 praeter

128 679 321 765 Ingenium,
342 680 446 761 utque
466 678 573 760 scies,
595 679 710 742 custos
730 676 806 740 mibi
829 677 988 740 maximus
1009 674 1111 740 adsis.
1168 670 1208 730 15

127 797 222 885 Ergo
246 799 301 863 nbi
323 815 374 862 me
396 799 430 861 in
451 798 582 862 montes
603 800 637 860 et
659 798 692 859 ιιι
714 793 823 862 arcern'
846 815 889 860 ex
912 797 993 860 urbe
1014 781 1157 877 removi‚'

129 916 217 999 Quid
239 919 333 1000 prius
354 919 517 982 illustrem
537 918 650 982 satiris
671 935 829 1000 musaque
850 909 1027 1001 pedestri?

127 1038 200 1105 Nec
221 1039 310 1104 maia
331 1057 381 1104 me
403 1039 538 1104 ambitio
561 1037 671 1122 perdit
694 1055 756 1104 nec
778 1039 951 1122 plumbens
971 1038 1101 1103 Auster

128 1160 386 1244 Autumnusque
407 1161 540 1246 gravis,
562 1159 729 1224 Libitinae
752 1161 911 1243 quaestus
931 1160 1084 1225 acerbae.

127 1281 300 1347 Matutine
322 1283 435 1365 pater,
456 1297 518 1345 seu
538 1279 621 1346 iane
642 1279 799 1348 libentius
820 1278 936 1366 audis,
1170 1274 1211 1336 20

182 1492 206 1542 1.
243 1505 273 1543 v.
294 1491 338 1541 16.
356 1493 452 1542 montis
470 1505 495 1542 c.

130 1658 219 1708 statim
240 1661 397 1708 enumerat:
425 1657 493 1708 «iiic
510 1658 583 1708 enim
602 1671 653 1708 nec
690 1657 746 1722 μαι
761 1658 811 1708 και
822 1654 935 1722 βάδην,
954 1652 1029 1710 ἀλλὰ
1041 1655 1083 1724 μὴ
1099 1657 1146 1710 ἐπὶ
1162 1662 1212 1726 μέ-

131 1751 213 1800 prava
249 1737 361 1786 ambitio
394 1751 437 1787 me
467 1741 568 1789 vexata
599 1744 651 1788 eet.
692 1753 768 1808 spon
784 1736 938 1807 captabat.
960 1763 990 1775 -·
1007 1737 1142 1801 pirunteus
1160 1741 1212 1789 Au-

129 1815 185 1864 Atii
203 1815 354 1864 Gesnerum
372 1817 475 1865 secuti:
497 1815 600 1866 «Simul
615 1821 653 1865 nt·
691 1815 760 1881 ater]
781 1813 920 1880 (Scirocca)
941 1824 1033 1868 «aestu
1051 1832 1101 1867 suo
1114 1833 1212 1882 corpus

131 1907 183 1957 que
200 1894 300 1943 adveni
315 1895 342 1942 in
356 1893 496 1954 Sabinum,
517 1907 572 1943 nou
587 1895 651 1952 iam,
692 1909 854 1960 aggravans,
867 1897 1038 1959 uiresqucita
1051 1902 1210 1960 extenuans,

130 1979 161 2022 ui
173 1973 293 2034 Romae,
313 1973 424 2022 ambitio
446 1987 489 2022 me
509 1979 586 2023 vexat
607 1987 653 2022 ne·
693 1981 721 2024 ut
739 1977 807 2026 nibil
825 1974 914 2024 moliri
935 1977 1034 2038 possim
1052 1990 1141 2039 neque
1158 1983 1214 2027 stu·

131 2066 184 2115 que
207 2053 277 2102 ritae
296 2051 446 2115 periculum
465 2052 654 2100 minaturdu·
692 2055 919 2104 diisracarem-
939 2052 1047 2117 pravis]
1069 2055 1213 2117 «pestiten-
1259 2101 1264 2116 ‚

132 2138 197 2181 ster.
235 2131 306 2192 Quid
324 2132 376 2180 hoc
396 2131 497 2193 duplici
511 2131 653 2180 commodo
693 2134 757 2182 tiam
778 2145 870 2181 secum
893 2131 1037 2182 aderens.»
1073 2135 1214 2196 Letiferam

132 2211 207 2274 prius
221 2211 376 2273 praedicem
394 2223 426 2258 eo
439 2210 592 2272 scriptionis
609 2223 653 2270 gc·
693 2212 815 2260 nominat
829 2211 922 2260 iuven.
936 2211 963 2269 4,
974 2213 1018 2260 56.
1034 2238 1062 2248 -
1085 2209 1211 2273 Libitina]

131 2304 197 2340 nere
215 2290 350 2352 pedestri,
370 2291 441 2352 quod
460 2289 597 2338 excolat»
618 2288 653 2337 ita
694 2287 820 2338 funerum
848 2289 898 2338 dea
925 2290 1017 2338 italica
1043 2292 1124 2340 modo
1150 2303 1213 2339 cum

132 2375 160 2419 ut
176 2369 264 2420 r.1'1.
281 2370 309 2418 in
327 2369 481 2431 parenthesi
499 2368 600 2430 positus
621 2365 655 2415 sit
693 2368 871 2430 Proserpinae
901 2369 981 2416 modo
1006 2381 1068 2416 cum
1097 2368 1211 2420 Veneris

131 2448 175 2499 vel
189 2461 252 2497 cum
266 2446 450 2497 Haberseidtio
464 2451 655 2510 transponatur
693 2448 805 2496 numine
831 2460 847 2496 a
869 2447 1033 2495 doctioribus
1058 2447 1212 2507 coniuncta,

132 2532 229 2590 posta.
244 2527 288 2577 19.
308 2526 433 2576 Attamen
451 2527 535 2576 attera
552 2524 655 2586 simpli·
695 2527 722 2576 in
744 2526 821 2574 cuius
837 2525 969 2587 tempium
986 2538 1034 2588 pro
1051 2537 1160 2586 quoque
1174 2524 1215 2574 iu·

133 2607 191 2654 cior
204 2607 272 2656 ratio
282 2611 309 2654 et
321 2619 407 2668 aeque
417 2607 490 2656 ciara
504 2619 555 2654 nec
565 2604 655 2653 miuus
695 2621 760 2657 nere
773 2619 901 2655 nummus
919 2605 1103 2662 inserebatur3
1132 2605 1213 2664 item,

132 2685 269 2734 concinna
288 2699 320 2734 ex
340 2698 400 2734 mea
422 2685 531 2747 quidem
549 2690 656 2734 senten·
695 2683 1018 2750 quaecunqueadiunera
1033 2683 1213 2746 pertinebant,

132 2764 169 2813 tia
183 2765 301 2814 ridetur.
328 2764 489 2813 Iamdudum
503 2769 593 2813 autem
612 2763 656 2811 de·
695 2767 732 2814 ibi
742 2766 902 2814 locabantur
912 2769 938 2812 et
950 2763 1151 2822 vendebantur3
1167 2762 1215 2823 iqi-

133 2844 258 2892 retictam
273 2845 400 2906 putabam
416 2843 589 2892 salsissimam
606 2841 657 2896 ba·
695 2851 753 2904 tur,
774 2857 828 2907 quo
848 2843 938 2906 piures
956 2843 1155 2899 moriebantur,
1181 2853 1216 2890 ea

134 2922 212 2972 eierii
235 2926 263 2970 et
286 2921 433 2971 Sanndonii
460 2921 657 2984 interpretatio·
696 2923 783 2972 maior
808 2928 834 2971 et
857 2923 939 2984 ipsius
961 2922 1027 2970 deae
1049 2926 1076 2969 ei
1098 2920 1217 2968 libitina·

135 3001 481 3064 nemrnquidcomponam
492 3001 656 3062 priusquam
696 3002 813 3059 riorum,
857 3001 902 3062 qui
938 2999 1034 3048 funera
1068 2999 1214 3056 curabant,

135 3080 272 3128 satiras‘tu
315 3078 416 3127 Verum
452 3091 515 3126 ecee
554 3077 657 3137 Burgus
696 3084 822 3143 quaestus
841 3084 908 3129 erat.
934 3077 1151 3128 Suet.Ner.3it:
1172 3076 1216 3124 Pe·

138 3155 246 3222 (1823):
276 3158 338 3220 Que'
354 3159 459 3219 paeda
486 3159 585 3206 bocer
603 3155 658 3204 me·
695 3158 813 3208 sitientia
828 3158 905 3204 unius
920 3158 1040 3205 autumni
1054 3154 1217 3217 triqintasu·

128 3237 186 3300 jor
210 3251 246 3286 eu
264 3237 309 3285 mi
326 3237 464 3285 castitia
492 3236 556 3297 Qua
580 3232 659 3283 sart·
695 3249 786 3284 nemim
807 3235 927 3282 milicia
944 3233 1108 3281 rationem
1126 3231 1218 3279 Ltbtti-

134 3330 189 3366 ras
216 3317 253 3365 de
281 3316 378 3366 ettilo
400 3327 473 3376 mup
498 3313 658 3364 eoncilia?
696 3328 745 3363 uae
765 3319 900 3362 venerunt.

135 3399 163 3444 et
189 3394 317 3444 Herziieb
340 3388 459 3456 (18372)
492 3393 583 3441 Deua
610 3391 658 3439 icit
731 3390 859 3444 ιιι-21,
897 3389 1029 3439 Matutine
1043 3381 1139 3448 pater]
1167 3385 1217 3434 lte·

131 3475 242 3536 pree'se
266 3478 379 3522 auersi
403 3473 458 3520 der
477 3471 590 3520 Satira
615 3470 660 3520 be·
698 3470 871 3532 scriptionem
892 3467 1126 3516 incommodorum
1147 3464 1217 3514 ritae

133 3554 303 3602 sebeidene
338 3553 434 3602 Muse.
468 3574 499 3585 -
535 3551 661 3614 Musaque
698 3549 818 3596 urbanae
841 3547 906 3595 scite
926 3545 1031 3594 orditur
1048 3544 1081 3592 ab
1106 3544 1219 3592 invoca·

131 3628 266 3694 pedestri]
314 3629 369 3680 Cir.
398 3631 452 3680 Sat.
479 3630 513 3689 1,
543 3628 578 3687 t,
613 3627 659 3677 47.
698 3627 771 3676 tione
785 3626 861 3684 iani,
882 3626 928 3688 qui
941 3620 1032 3673 omnia
1047 3622 1123 3671 initia
1136 3621 1219 3672 ιοιιιι-

135 3707 583 3774 od.2,1e.a,ttpp.2‚1,eep:
604 3705 661 3754 Ser·
700 3710 759 3764 nat,
788 3705 874 3763 vitae,
902 3703 987 3761 anni,
1013 3703 1041 3750 b.
1060 3701 1079 3749 i.
1100 3701 1219 3769 negotio·

134 3788 518 3851 monearepentesperbumum.
531 3783 660 3848 Quinctii.
699 3797 759 3834 rum
773 3797 822 3847 per
839 3782 960 3844 singulos
974 3781 1031 3830 dies
1042 3781 1219 3842 capessendo·

135 3869 273 3928 10,1,81ι
294 3865 495 3916 Platomuttum
507 3849 662 3925 suprapro-
699 3876 769 3911 rum.
808 3863 867 3911 Hoc
886 3862 946 3910 loco
964 3860 1120 3920 aoiopatrt’s
1133 3859 1220 3907 Matu-

136 3959 189 3996 sam
208 3947 360 3995 orationem
377 3950 400 3992 et
422 3955 500 4006 quam
518 3943 662 4002 pedestrem
700 3943 750 3990 tini
771 3940 1032 4002 cognomentum,
1053 3942 1081 3986 ut
1098 3937 1177 3987 Mari.
1191 3937 1218 3994 1,

137 4019 357 4090 (πεζόιιιόγον)
372 4022 466 4072 Graeci
478 4027 586 4079 vocant,
606 4033 663 4068 sur·
700 4019 731 4078 8,
752 4025 817 4068 extr.
836 4020 995 4067 matute'num
1014 4016 1101 4064 Iovem
1122 4017 1217 4071 vocat,

135 4109 183 4172 pit.
203 4103 322 4154 Locian.
342 4100 395 4150 Pro
416 4101 517 4161 imagg.
536 4094 584 4149 18:
614 4111 663 4158 κα·
701 4098 747 4160 qui
764 4098 948 4160 primo'm'ane
967 4095 1107 4143 salutatur.
1135 4113 1163 4125 ·-
1190 4091 1220 4140 u·-
