2920 4792
235 268 315 346 212
591 284 731 332 monarn
752 264 953 332 sarmarum
1044 275 1047 282 '

197 502 202 516 ¹
229 427 388 511 Nequitia
415 428 449 492 et
471 423 589 514 nugis,
611 441 790 507 pravorum
812 424 846 486 et
868 431 980 486 amore
1001 419 1192 507 gemellum,

234 548 411 612 luscinios
432 546 521 611 oolttt
545 547 693 628 impenso
717 541 1093 632 pronderecoemptas,
1113 576 1127 602 ·.
1249 533 1323 606 ‚245

236 666 400 749 Quorsum
423 657 572 731 abeant?
594 664 691 730 sanin
714 665 823 745 creta,
844 672 890 726 un
906 650 1235 728 curbone'notantlt?

238 786 427 852 Aedificare
449 803 564 867 casas,
587 784 744 867 plostello
767 783 950 872 adiungere
974 785 1099 864 mures,

236 905 368 972 Ludere
393 907 595 990 patrimum,
622 906 772 988 equitare
794 904 827 966 tn
849 899 1012 969 arundine
1033 901 1153 988 longa,

238 1022 277 1092 Sl
300 1045 395 1110 quom
418 1025 564 1092 delectet
588 1024 940 1108 barbatum,'amentin
960 1024 1086 1086 verset.

238 1141 276 1211 st
300 1146 459 1228 puerilius
482 1144 534 1209 hio
555 1145 741 1218 rationare
763 1145 896 1208 evincet
918 1159 1061 1224 amare‚.
1259 1134 1324 1198 25⁰

238 1265 310 1330 Neo
326 1264 500 1349 quidquam
516 1263 665 1341 differre,
687 1267 840 1328 utrumne
856 1265 888 1338 ln
905 1263 1062 1345 pulvere,
1084 1261 1200 1324 nimus

238 1383 345 1464 Quale
367 1386 476 1468 prins,
498 1384 596 1450 ludas
617 1401 719 1468 opus,
740 1402 784 1448 au
805 1383 989 1449 meretricis
1010 1397 1122 1446 amore

290 1577 312 1626 1.
350 1591 377 1627 v.
396 1576 458 1625 2146.
478 1578 538 1625 soni
555 1583 585 1625 ut
603 1583 674 1626 erato
692 1577 739 1626 bs.
759 1577 818 1625 roni
837 1581 884 1624 ant
902 1582 972 1624 croto
991 1587 1016 1624 o.
1040 1572 1091 1622 Sed
1111 1579 1158 1622 aut
1176 1569 1324 1621 delendum

238 1657 298 1695 ease
318 1646 424 1708 punctis
444 1650 560 1695 notatur.
583 1646 651 1695 lbid.
671 1647 760 1694 notato·
777 1643 839 1695 bSe.
878 1659 903 1693 u.
915 1643 977 1694 249.
996 1641 1101 1692 delectat
1121 1651 1257 1706 superent,
1271 1653 1323 1690 oc.

237 1729 264 1767 v.
284 1715 347 1765 250.
368 1715 410 1764 Sic
429 1714 472 1764 Sc.
493 1715 562 1763 ltem
580 1715 624 1774 h..
644 1715 693 1764 sed
712 1719 866 1764 correctum
885 1714 923 1762 st.

277 1820 314 1868 11.
352 1835 378 1870 v.
399 1819 461 1869 ate.
482 1821 579 1869 abeant
596 1819 677 1868 tani?
696 1825 767 1868 oreta
786 1818 862 1868 LCT.

265 1925 314 1973 lll.
353 1939 380 1974 v.
400 1924 462 1973 Μ.
481 1927 569 1973 notati
587 1937 602 1974 e
621 1923 706 1974 Codd.

240 2098 301 2135 anm
328 2089 354 2135 ot
383 2097 476 2135 amoro
501 2099 592 2136 rernm
618 2099 762 2151 pravarum
801 2100 907 2146 amoro,
936 2092 1042 2148 potore.
1072 2109 1102 2120 -
1134 2084 1211 2132 ludos
1243 2079 1324 2145 optes]

239 2162 410 2212 simillimum
440 2177 517 2226 par.»
546 2186 578 2200 -
608 2162 762 2228 Lusotoior]
802 2178 886 2227 oopus
901 2165 1001 2213 serium
1018 2163 1136 2212 ludendo
1147 2162 1276 2220 imiteris,
1296 2165 1326 2210 ut

240 2241 419 2304 trisyllabum.
440 2267 473 2278 -
498 2239 632 2305 inoperoso]
661 2244 762 2306 pretio,
803 2243 908 2305 pueruli
930 2241 1073 2292 aedificant
1098 2243 1206 2300 domos,
1240 2238 1327 2289 molas

238 2333 350 2381 magno.
390 2320 441 2370 «lli
462 2326 552 2370 autem
570 2322 641 2371 Arrii
659 2323 714 2372 iam
736 2323 762 2371 in
802 2326 872 2371 eet.»
893 2345 924 2356 -
943 2318 1078 2384 sociosne]
1105 2333 1213 2369 «nonno
1235 2318 1326 2368 lacere

236 2399 360 2460 prandiis
376 2399 505 2448 luscinias
525 2413 661 2462 apponere
680 2400 762 2458 soliti,
803 2401 901 2450 debeas
909 2401 937 2448 t»
959 2395 1112 2460 -Potomol
1134 2397 1262 2448 «iuuenis
1276 2395 1327 2446 luit

240 2477 304 2540 quid
315 2479 424 2527 tandem
434 2479 461 2527 ln
475 2475 562 2528 ruenti
572 2479 687 2530 iecerint
701 2493 764 2528 con·
802 2478 974 2528 Atheniensis
993 2473 1113 2539 perditae
1135 2477 1267 2526 luxuriae.
1300 2476 1327 2524 Ie

240 2561 401 2606 aeutanenm
421 2559 505 2606 ortt»
803 2570 864 2606 oum
884 2555 975 2605 obrius
997 2556 1134 2605 incederet
1152 2569 1200 2617 per
1213 2555 1325 2614 urbem,

274 2634 440 2684 ate-254.
477 2636 556 2684 annin
576 2631 665 2696 erato]
694 2631 764 2685 lilar-
802 2635 887 2684 fertur
905 2635 1012 2683 audisse
1030 2648 1045 2683 e
1066 2635 1220 2697 propinquo
1236 2633 1327 2682 Xeno·

241 2710 479 2774 oiliiltentleiique
493 2714 555 2762 leet.
571 2713 765 2775 promoturum
803 2713 882 2762 oratis
904 2726 998 2764 vocem
1020 2713 1196 2774 disputantis,
1227 2711 1326 2761 deinde

205 2831 210 2838 .
239 2791 331 2838 mnino
343 2790 441 2840 habeat
454 2795 526 2840 certo
546 2790 610 2841 cad.
626 2792 712 2850 tow
733 2804 765 2840 ae
803 2791 1085 2840 introisse-coronatus
1099 2797 1126 2840 et
1141 2781 1327 2854 unguentatus

241 2865 321 2918 laclia
335 2868 418 2928 illud,
439 2869 615 2931 quodminus
632 2870 765 2932 intellige·
802 2871 836 2919 ad
849 2883 912 2919 oum
928 2871 1115 2920 deridendum.
1135 2869 1222 2920 Senex
1235 2874 1326 2918 autem

241 2948 306 2996 bant
317 2945 436 3005 librarii,
456 2947 563 2996 transiit
572 2949 599 2996 in
612 2949 685 3006 rani,
705 2951 765 2996 aaut
803 2950 985 3011 perseveravit
1004 2955 1030 2997 et
1058 2949 1179 2999 invectus
1202 2948 1230 2996 in
1250 2947 1327 2995 luxu-

241 3038 291 3082 on,
311 3025 371 3072 roni
382 3030 412 3073 ut
429 3025 545 3074 aliorum
563 3025 647 3076 Godd.
668 3032 695 3075 et
707 3041 765 3076 cor·
804 3029 872 3076 riam
890 3028 977 3088 coligit
994 3027 1169 3076 Polemonem
1186 3024 1326 3088 poenitere

242 3106 405 3164 rumpuntur
425 3103 482 3154 tero
504 3104 658 3154 huiuamodi
679 3106 764 3154 inter·
804 3105 844 3155 sui
855 3111 881 3154 et
891 3117 1005 3154 coronas
1019 3106 1153 3162 abiicere3
1173 3105 1219 3167 qui
1233 3109 1326 3166 postea

242 3180 412 3241 rogationes,
432 3186 462 3230 ut
482 3196 508 3230 v.
523 3183 583 3232 128.
599 3189 645 3232 tun
658 3183 685 3232 in
699 3189 762 3233 tom.
804 3188 891 3234 tantus
905 3184 933 3231 in
947 3183 1116 3246 philosophia
1138 3177 1325 3246 (Academica)

242 3254 359 3308 Notondt
391 3259 464 3309 olare
486 3261 609 3321 agnoscit
627 3260 717 3310 Acron
739 3266 765 3310 et
802 3262 918 3321 omittit,
940 3259 969 3310 ut
985 3261 1082 3323 (lignus
1100 3261 1266 3312 existimatus
1283 3261 1325 3320 sit,

212 3335 217 3342 '
242 3335 347 3388 Comm.
366 3337 448 3401 Cruq.
472 3340 657 3402 praebentque
678 3339 762 3390 codd.
803 3342 849 3405 qni
865 3340 1011 3390 Xenocrati
1027 3341 1211 3391 succederet.»
1233 3340 1325 3390 Gonu.

241 3413 361 3466 Pollioni
375 3421 401 3466 et
414 3430 484 3466 unus
498 3417 590 3467 Oborl.
611 3415 654 3481 (er
664 3415 780 3482 corr.);¹
803 3421 851 3471 Cn.
890 3419 953 3470 Erat
979 3421 1001 3468 is
1028 3425 1117 3469 autem
1141 3419 1198 3469 iore
1225 3419 1252 3466 in
1279 3431 1327 3468 ora

241 3497 328 3544 notati
346 3496 436 3544 autem
448 3501 538 3545 ortum
548 3497 654 3547 videtur
663 3511 694 3546 eu
704 3498 765 3547 sub·
803 3497 913 3558 Stoicis,
933 3503 963 3549 ut
982 3497 1091 3550 Arriani
1112 3497 1233 3560 Epicteto
1253 3500 1280 3557 3,
1300 3498 1325 3546 ί.

241 3571 295 3622 latu
321 3573 494 3623 distinetione
519 3580 578 3638 post
605 3590 632 3626 u.
658 3575 763 3624 otnant.
803 3592 829 3640 p.
844 3577 906 3626 ate.
921 3561 1124 3629 Schwm'Twoi
1145 3577 1208 3627 ποτ’
1223 3571 1327 3628 dueum

242 3647 289 3699 list
313 3651 390 3711 quasi
418 3652 602 3714 proverbium.
641 3652 715 3701 Pers.
736 3653 763 3711 5,
802 3651 966 3718 Πολέμωνα
1008 3651 1039 3718 ἐξ
1080 3651 1326 3705 ἀκολαστοτάτου

242 3727 311 3776 109:
340 3728 392 3778 llio
405 3731 483 3790 onus
500 3738 590 3786 erma,
619 3743 681 3779 moa
704 3731 766 3778 taen
802 3733 961 3782 νεανίσκου
1003 3730 1152 3796 τοσαύτην
1199 3731 1327 3796 μεταβο-

242 3805 352 3855 eortone
360 3809 485 3858 uotoni?
500 3833 530 3844 -
544 3804 645 3869 verret]
666 3809 765 3870 inpro·
803 3806 856 3873 λὴν
903 3809 1089 3873 μεταβαλεῖν.
1135 3835 1165 3845 -
1210 3811 1327 3874 insignio

242 3894 271 3932 ta
290 3896 331 3933 or.
351 3885 477 3947 «agitatu
501 3911 531 3922 -
552 3881 659 3947 omaro]
679 3897 766 3934 mero·
803 3881 905 3948 morti]
938 3888 1065 3951 «depone
1085 3887 1264 3938 instrumenta
1285 3888 1327 3935 ln·

242 3962 333 4012 tricos.
353 3963 407 4014 Sal.
428 3964 486 4015 Cat.
510 3966 560 4015 11:
591 3963 631 4012 itt
650 3964 766 4024 primum
804 3965 925 4014 iuriae.»

240 4042 351 4092 intumuit
379 4045 506 4094 eamdam
531 4042 625 4103 popolo·
655 4042 767 4091 Romani
838 4031 1003 4094 255-2'59.
1057 4041 1210 4106 Forulotos]
1252 4049 1327 4107 tegu-
