2920 4792
471 344 477 354 ’
505 345 570 391 mn.
586 293 632 390 un
669 345 741 392 snr.
761 345 808 392 vr.
1114 321 1190 392 261

114 478 143 547 0
168 482 287 546 noctes
309 497 500 565 coeneequc
523 475 634 546 deum!
657 482 775 565 qulbus
796 481 868 565 lpse
891 479 1017 564 meique
1153 477 1193 540 65

113 599 207 664 Ante
229 601 349 664 Larem
371 600 539 683 proprium
561 618 684 665 vescor
704 615 892 683 vernasque
914 616 1077 682 procuccs

113 717 224 784 Pusco
246 719 358 783 libatis
380 717 529 802 dapibus
572 717 677 782 Prout
699 721 817 802 cuique
839 716 940 782 libido
963 719 1033 798 est,

114 832 231 903 Siccct
252 839 444 921 inaequales
466 838 589 902 calices
610 838 756 902 convive
776 839 906 902 solutus

95 956 263 1043 legibus
284 957 427 1036 insanis,
450 974 511 1020 seu
534 958 607 1039 quis
629 959 719 1040 capit
740 957 832 1023 scrin
853 957 951 1020 fortis

114 1074 243 1140 Pocula
263 1091 324 1138 seu
347 1071 484 1139 modicis
505 1075 636 1140 uvescit
658 1076 787 1140 lectius
825 1075 920 1164 Ergo
1152 1070 1193 1132 70

114 1191 233 1259 Sermo
257 1197 379 1283 oritur,
401 1215 467 1260 non
490 1193 532 1260 dc
553 1197 642 1260 villis
664 1193 857 1259 domibusve
879 1194 1013 1275 olienis,
1241 1160 1249 1180 ι

114 1313 186 1379 Nco
208 1315 293 1390 mole
315 1332 421 1380 necne
441 1315 555 1398 Lepos
576 1316 693 1400 sultct3
714 1313 776 1379 sed
797 1313 884 1399 quod
906 1316 1012 1402 nugis
1029 1311 1073 1378 od
1088 1329 1151 1377 nos

114 1432 268 1499 Pertinet
290 1436 325 1498 et
344 1435 476 1500 nescire
496 1435 615 1498 melum
636 1436 703 1518 est,
719 1411 904 1522 ⁸agitemus:
926 1435 1078 1497 utrumne
1167 1429 1168 1432 ’

165 1626 190 1678 Ι.
226 1640 254 1678 v.
274 1625 319 1677 70.
338 1627 460 1676 innnscit
478 1639 504 1694 c.
540 1640 567 1680 v.
586 1625 630 1677 ⁵12.
649 1625 700 1677 Nec
718 1638 852 1690 superscr.
872 1623 913 1675 An
931 1623 960 1676 S.

154 1731 193 1781 11.
230 1746 258 1784 v.
277 1732 322 1780 7⁰.
341 1733 464 1782 heineccii
481 1732 513 1781 Τ.

140 1837 190 1886 111.
229 1851 256 1888 v.
276 1835 320 1886 ti'i.
340 1851 397 1886 cum
414 1842 445 1886 ut
462 1836 552 1900 coique
570 1850 585 1887 e
603 1835 670 1889 God.
689 1836 807 1888 Colbcrt.

9 1981 10 1984 ¹
114 1995 206 2050 πόθεν
238 1991 401 2068 Τάλλότρια
435 1993 561 2047 δειπνεῖν
593 1993 636 2062 μὴ
709 1995 829 2048 tib-72.
866 1995 968 2062 Siccos]
995 1999 1065 2050 «Suo
1081 2001 1195 2066 quisquc

114 2075 270 2147 προσέχων
282 2072 471 2140 λογισμασιν.
482 2099 513 2110 -
527 2069 636 2136 meique]
675 2074 805 2124 arbitrslu
818 2075 902 2126 ebibit
917 2077 1014 2139 pocula
1030 2079 1137 2128 minora
1150 2084 1197 2128 sut

114 2167 168 2204 uon
185 2153 292 2203 «servin
303 2187 314 2219 ,μ
331 2152 378 2201 sed
391 2156 421 2201 ut
432 2157 504 2214 petet
517 2165 548 2200 cx
560 2163 636 2213 seqq.
675 2152 789 2212 maiora,
803 2152 872 2203 liber
888 2168 904 2203 s
921 2155 1042 2204 molestis
1060 2156 1115 2205 illis
1129 2156 1198 2217 legi·

115 2237 223 2281 ctcxv.
237 2229 289 2279 41:
309 2243 425 2289 morum,
446 2229 637 2291 «amictusque
675 2230 743 2286 bus,
780 2243 847 2292 quus
863 2228 1102 2303 ’συμποσιάρχης
1135 2229 1197 2295 (rex

113 2307 280 2368 familiares,
309 2308 403 2370 quiin
428 2307 505 2357 lectis
531 2319 638 2356 mecum
676 2304 802 2370 bibendi)
823 2307 856 2358 de
876 2321 990 2358 numero
1015 2323 1047 2358 sc
1068 2324 1196 2360 mensura

114 2387 291 2446 accumbunt,
311 2390 339 2434 et
355 2385 465 2448 quidem
483 2399 513 2436 es
527 2385 639 2434 rustico·
677 2385 836 2449 poculorum
858 2385 925 2434 clius
945 2386 1196 2436 convisis'dictst.n

113 2480 172 2515 rum
186 2467 276 2524 more,
295 2468 358 2512 snte
371 2463 452 2514 Lsres
466 2463 494 2513 iu
511 2463 571 2513 foco
585 2462 639 2512 col·
676 2485 708 2500 -
728 2459 809 2525 cupit]
831 2464 939 2521 «sumit,
961 2463 1063 2524 eligit»
1084 2477 1148 2518 non,
1168 2466 1199 2510 ut

112 2544 227 2602 locatos,
249 2543 314 2592 dum
325 2543 396 2594 servi
407 2542 479 2592 domi
493 2554 569 2591 merc
582 2540 639 2589 usti
677 2541 738 2590 elil:
761 2553 860 2603 «cuper
879 2545 919 2590 est
935 2540 1071 2589 acriorum
1088 2539 1198 2601 poculo·

113 2622 279 2684 nutrilique,
301 2620 419 2676 slacrcs,
440 2625 469 2668 ut
489 2619 593 2679 solent,
613 2625 640 2670 et
677 2632 766 2668 rum.»
797 2643 827 2654 -
854 2615 943 2680 acrio]
970 2617 1131 2679 «grandiae»
1152 2615 1199 2664 alil

113 2700 268 2764 petulantes
281 2711 405 2748 mensem
414 2700 599 2760 circumstent,
613 2703 640 2749 et
678 2696 759 2746 simul
768 2697 889 2746 referunt
898 2697 931 2746 ed
945 2697 1039 2746 vinum
1053 2695 1197 2753 merscius,

113 2791 174 2827 mox
193 2789 282 2827 cocus
302 2781 409 2838 peracta
425 2777 554 2840 reliquias
568 2779 640 2828 cibo·
679 2781 740 2824 cum
757 2776 906 2825 timidiores
924 2775 1033 2825 dilutius
1049 2776 1198 2822 sumerent.

113 2869 173 2906 rum
188 2870 205 2905 s
225 2855 306 2904 nobis
323 2860 453 2917 quantum
472 2856 537 2906 libet
558 2851 641 2919 degu-
678 2851 756 2903 dcrcs
769 2859 876 2916 potores
897 2853 1021 2903 similiter
1039 2852 1094 2902 Set.
1119 2852 1145 2910 2,
1171 2848 1198 2908 Β,

114 2939 250 2984 sistorum
275 2934 448 2983 comedunt.»
476 2931 641 3000 Οἰκογενιόν
685 2931 728 2982 36.
749 2956 780 2967 -
806 2929 899 2994 sortis]
920 2931 1075 2980 «conlidens
1097 2941 1201 2978 senon

115 3017 169 3061 tots
183 3011 292 3061 indoles
306 3013 406 3074 optimc
420 3011 447 3060 in
458 3011 569 3074 Paegnii
583 3025 641 3074 per·
680 3009 842 3058 inebriatum
856 3009 918 3058 iri.»
934 3032 962 3043 -
976 3003 1088 3068 nocent]
1110 3005 1202 3069 «peul-

116 3103 183 3138 sous
206 3103 221 3138 s
244 3090 340 3139 Pleuto
361 3091 389 3138 iu
414 3090 495 3140 Perse
517 3103 640 3152 expresse
679 3087 756 3136 leiim
781 3087 875 3135 nvidus
898 3086 942 3146 lit,
972 3083 1033 3148 (Od.
1053 3085 1080 3143 4,
1100 3085 1126 3142 5,
1144 3078 1201 3144 39.)

116 3172 166 3217 est.
187 3167 243 3217 Cir.
259 3167 345 3230 Epod.
363 3168 390 3223 2,
410 3167 453 3218 bd.
491 3167 641 3218 Seneccde
681 3167 750 3214 benc
771 3169 882 3227 potus3u
911 3165 993 3226 gloss.
1021 3167 1060 3211 est
1082 3161 1204 3209 tumescit

116 3245 225 3296 Provid.
244 3246 275 3294 1:
297 3245 390 3310 Cupito
402 3246 516 3310 filiorum
529 3259 577 3295 nos
588 3260 643 3295 mo·
681 3243 765 3293 Godd.
776 3242 843 3304 aliq.
858 3266 888 3278 -
903 3238 983 3304 lispo]
995 3240 1124 3301 «Propter
1132 3240 1204 3286 bruc

116 3323 642 3381 dessiodelectari,ocmnlorurnliccntio;
681 3322 768 3384 ipsum
800 3320 964 3369 bilaritatem
992 3325 1072 3379 sique
1101 3315 1205 3364 liberae

116 3403 175 3450 illos
200 3401 343 3462 disciplina
367 3402 482 3451 tristiore
499 3403 641 3456 contineri,
681 3399 886 3462 compotationis
903 3397 1097 3446 iucunditatem
1110 3393 1154 3452 tlt,
1175 3396 1205 3442 ut
1257 3449 1260 3458 χ

118 3481 209 3528 borum
233 3479 273 3528 ali
298 3479 447 3528 andedum.
477 3503 507 3514 -
536 3474 643 3539 litatis]
683 3478 768 3528 solitis
807 3476 994 3527 conviviorum
1033 3471 1206 3522 sermonibus

120 3558 149 3607 Ut
166 3558 233 3614 dixi,
256 3562 456 3620 «temperanter
468 3557 643 3619 degustatis»
683 3569 823 3618 nunquam
841 3559 958 3613 utemur,
979 3551 1130 3601 invidentes
1144 3547 1204 3598 eliis

120 3647 188 3694 non,
209 3641 241 3686 ut
264 3636 311 3685 ulii
332 3636 443 3685 volunt:
473 3647 525 3684 ccx
547 3635 645 3698 quibus
684 3633 792 3698 prscdis
815 3633 944 3681 maiore.»
973 3656 1005 3666 —
1031 3623 1129 3690 Lepos]
1150 3626 1208 3675 nin·

119 3715 281 3778 perticulam
303 3715 351 3763 Itis
368 3714 514 3764 Penatibus
535 3715 645 3764 libavi.»
684 3713 767 3774 siguis
781 3711 900 3771 saltator,
921 3707 1107 3766 archimimus,
1128 3703 1209 3754 Octs·

119 3795 218 3844 Vinum
234 3809 267 3844 ex
285 3799 395 3856 petere,
418 3807 473 3842 uon
488 3794 563 3842 cibos
580 3793 647 3841 libs·
684 3792 766 3842 vinno
790 3796 898 3850 gratus,
924 3788 970 3850 qui
995 3786 1077 3848 lepide
1101 3797 1210 3847 semper

120 3869 193 3923 bont.
228 3899 257 3910 -
292 3868 391 3933 Prosci]
424 3872 552 3934 Scriptori
580 3871 646 3920 Cod.
686 3869 809 3926 saltabat,
824 3867 897 3916 uude
910 3867 934 3915 ci
949 3878 1048 3914 nomen
1061 3863 1205 3912 inditum.»

121 3950 239 4002 Colbcrt.
269 3957 333 4000 cum
361 3950 487 4000 vilicsum
512 3950 649 4001 videretur
686 3948 784 3997 Senon.
1127 3955 1132 3963 ·
1251 3992 1252 3997 ,

116 4028 649 4092 prontmonosyllcbum,substituitcnm
721 4023 844 4080 'is—78.
883 4017 1009 4080 Pertinet]
1030 4018 1097 4068 «Sed
1117 4017 1211 4066 Socra-

118 4116 158 4171 ci,
179 4112 251 4174 quod
273 4109 404 4172 imposuit
423 4109 557 4158 Bentlcio.
688 4103 733 4152 tici
748 4100 952 4164 generis'nostrl
965 4101 1029 4146 sunt
1042 4105 1210 4146 sermones.»
