2928 4794
236 341 315 413 342
450 409 453 412 ,
577 355 719 402 nousuu
741 351 980 399 norsuonsnuru

235 501 395 567 Privatos
418 503 454 562 ut
477 497 617 582 ‹puaorat
639 513 721 578 opes
744 497 778 558 et
800 495 942 586 taugere
965 492 1051 554 vitet

235 619 389 707 scripta,
411 619 588 684 Palatinus
609 632 827 701 quaeeunque
848 614 978 696 recepit
1002 611 1144 695 Apollo;

236 743 306 826 Ne,
328 744 357 805 sl
379 742 469 804 iorte
492 754 571 803 suos
594 737 770 821 repetitum
792 735 925 798 verterit
953 735 1030 797 olim

85 917 89 928 .
157 867 159 873 “
238 863 330 931 Grex
353 863 462 927 avium
489 862 633 948 plumos,
654 863 789 921 moveat
812 841 981 920 cornicula
1005 855 1105 917 risum

236 985 387 1056 Furtivis
409 980 536 1046 nudata
558 979 735 1045 coloribus·
779 979 859 1061 Ipse
882 974 958 1064 quill
981 965 1114 1038 audes?
1289 969 1332 1029 20

237 1102 331 1186 Quae
354 1102 603 1172 circumvolitas
625 1099 725 1187 agilis
748 1088 891 1184 thyma?
912 1095 988 1160 Nou
1012 1095 1071 1159 tibi
1094 1097 1234 1178 parvum

236 1226 427 1314 lugentum,
450 1242 517 1286 nou
540 1193 697 1288 intuitum
720 1223 772 1286 est
795 1223 829 1284 et
852 1220 996 1301 turpiter
1017 1216 1147 1280 hirtum.

238 1343 309 1413 Seu
331 1347 478 1434 linguam
501 1345 612 1409 causis
633 1343 727 1408 acuis
748 1355 809 1407 seu
832 1341 939 1405 (tiviro
961 1341 1032 1402 ture

294 1578 316 1627 l.
355 1572 393 1640 (v.
413 1575 457 1633 22.
478 1574 587 1624 liabent
606 1580 630 1629 ot
650 1569 708 1636 bs.)

281 1695 317 1750 ll.
356 1708 382 1745 v.
401 1693 446 1742 22.
465 1706 510 1749 reso
530 1693 642 1755 turpiter
661 1655 735 1742 [ΕΤ.

241 1875 308 1947 μω
328 1875 474 1934 Intestina,
494 1885 540 1921 neo
560 1873 661 1922 olentiae
680 1873 769 1920 imita·
807 1871 939 1921 monitum
961 1885 994 1940 exi
1014 1871 1153 1921 notissima
1176 1871 1268 1936 aliqua
1293 1873 1332 1922 l'a·

243 1959 287 2028 tot·
302 1953 332 2001 to
351 1953 456 2001 ortem!
475 1951 535 2012 Quo
556 1949 621 2013 quid
638 1950 768 1999 innoeen-
807 1950 878 1999 bella
898 1947 1056 2013 repetitum,
1077 1949 1154 2000 euius
1171 1948 1333 2016 &nepotiano

243 2031 296 2086 tine
314 2030 373 2080 fleri
395 2031 519 2092 poteret?
538 2029 662 2078 Privatae
677 2034 767 2078 autem
807 2029 883 2092 quasi
915 2031 942 2078 in
973 2030 1145 2091 proverbium
1174 2029 1330 2088 transierat,

155 2169 156 2175 ¹
195 2121 197 2128 ’
244 2119 303 2170 opes
332 2107 388 2159 noli
414 2108 586 2170 interpretari
618 2120 681 2156 oum
707 2107 767 2156 altit
808 2110 897 2158 miuus
923 2109 1040 2157 habebat
1062 2108 1222 2159 offensionis
1246 2121 1330 2172 qnam

246 2185 667 2250 «propriasdoetrinaecopiasm
688 2187 768 2236 unice
806 2186 921 2242 fortasse
939 2187 1052 2242 haberet
1070 2187 1142 2249 apud
1162 2200 1222 2236 uos.

244 2267 317 2320 enim
336 2267 369 2316 de
389 2267 520 2329 pottmatls
539 2266 669 2330 loquitur.
841 2265 964 2315 21-25.
1002 2264 1211 2328 circumvolitas]
1238 2265 1332 2314 Divise

279 2345 401 2402 tls-to.
438 2343 593 2408 Palatinus]
614 2346 645 2396 lu
667 2343 768 2407 templo
808 2345 834 2394 h.
855 2343 878 2393 Ι,
895 2343 1002 2406 scripsit
1020 2343 1140 2406 Boering
1157 2344 1333 2393 circumvoli-

242 2422 377 2486 Apollinis
390 2423 507 2474 Palatini
520 2425 684 2475 Octavianos
697 2427 723 2472 a'.
738 2437 766 2473 n.
806 2422 1014 2482 tae‚'ooniuuote
1031 2422 1148 2484 Wagner
1161 2422 1271 2480 inviro.
1280 2422 1330 2471 Ge.

243 2516 268 2551 e.
291 2502 354 2556 726.
392 2503 552 2553 condiderat
574 2503 768 2552 bibliothecam
806 2502 836 2562 1,
856 2501 918 2550 377.
956 2499 990 2549 Ut
1009 2514 1090 2563 saepe
1111 2502 1206 2563 poetae
1233 2501 1331 2563 apibus

244 2581 396 2638 Palatinam
410 2582 559 2647 publicam,
574 2583 651 2632 ouius
664 2581 768 2643 primus
791 2581 998 2641 'comparantur
1018 2575 1080 2642 (Ori.
1102 2578 1128 2639 t,
1149 2580 1175 2637 2,
1195 2576 1270 2643 21),
1290 2580 1332 2628 sio

244 2667 355 2711 eoretor
367 2660 417 2710 tuit
430 2660 460 2714 C.
482 2659 566 2710 lullus
587 2660 718 2723 Hyginus.
737 2682 767 2693 -
806 2661 857 2708 hao
873 2657 992 2720 imagine
1004 2659 1231 2708 otreumootttoodt
1249 2663 1332 2720 atque

243 2735 352 2801 recepit]
371 2739 444 2788 velot
460 2739 574 2788 donaria
596 2739 623 2787 in
639 2751 715 2786 suam
729 2743 768 2787 tu·
806 2738 937 2802 optte'totte
964 2737 1100 2799 signifieat
1131 2738 1213 2787 modo
1244 2737 1330 2796 haee,

244 2818 340 2874 telam
368 2829 422 2878 qno
443 2817 533 2865 minue
555 2817 687 2865 etiamen
710 2823 769 2865 too-
808 2815 1348 2880 modoillaearminumgeneraaltiora-

244 2907 304 2958 pere
331 2889 497 2956 (attrectare)
523 2893 595 2943 lieet.
626 2919 658 2930 -
685 2895 770 2942 comt·
807 2899 907 2946 tentata
928 2909 997 2952 esse,
1018 2909 1084 2944 sane
1102 2901 1131 2945 ut
1147 2907 1215 2958 opus
1234 2907 1333 2944 seeun-

243 2969 389 3034 oolo]Nota
400 2971 499 3026 labella
511 2971 627 3035 Aesopia
639 2969 767 3035 (Phaedr.
808 2975 928 3034 darium,
951 2975 996 3024 oni
1010 2987 1058 3043 per
1079 2975 1159 3024 horas
1174 2973 1333 3024 subseeiras

245 3051 271 3109 1,
292 3051 330 3111 3.,
351 3052 398 3101 ubl
416 3063 464 3114 pro
486 3053 595 3102 cornice
616 3056 657 3102 est
675 3063 767 3114 green·
807 3056 929 3104 vacarem
949 3067 1014 3103 nam
1033 3054 1168 3104 severiora
1190 3049 1277 3102 studia
1294 3052 1330 3100 ad

243 3127 315 3192 lure)
345 3131 415 3180 hano
437 3131 600 3180 seutentiam
621 3130 767 3195 expressit:
807 3130 992 3194 eloquentiam
1005 3132 1142 3182 sorensem
1156 3137 1183 3181 et
1195 3133 1237 3180 ius
1249 3130 1332 3181 civile

246 3218 297 3258 ane
315 3207 396 3258 taeile
414 3210 504 3265 omnis
523 3208 607 3259 lector
624 3207 769 3274 perspiciat
807 3217 988 3262 converterat.
1017 3235 1048 3247 -
1076 3207 1189 3272 hirtum]
1216 3210 1247 3259 Ut
1263 3223 1332 3272 ager

244 3285 352 3337 Celsum
371 3287 399 3337 in
421 3289 572 3349 sententiis,
594 3288 767 3352 imaginibus,
807 3291 924 3344 incultus
943 3293 1030 3341 trinus
1047 3290 1085 3351 tit,
1107 3290 1176 3340 fllioe
1191 3290 1333 3352 vepribus·

244 3367 360 3430 totisque
380 3367 448 3416 adeo
465 3367 533 3416 locis
546 3367 680 3417 imitatum
698 3381 767 3428 esse,
807 3383 858 3433 que
871 3370 1025 3430 obducitur,
1046 3371 1084 3418 sio
1098 3369 1239 3432 ingenium
1252 3367 1332 3416 bonis

244 3443 381 3494 interdum
401 3450 506 3494 tantum
525 3445 552 3494 iu
566 3445 691 3496 Latinum
705 3461 769 3498 oon·
806 3449 909 3497 artibus
931 3462 986 3498 non
1005 3449 1151 3508 excultum,
1172 3447 1202 3497 tit
1219 3447 1285 3502 rude
1303 3451 1333 3496 et

244 3523 358 3574 vertisse
378 3525 470 3586 politas
492 3524 639 3576 Graecos.»
669 3551 699 3562 -
728 3541 769 3576 eos
806 3528 898 3577 hebes.
938 3527 1107 3581 «Male-lton.
1127 3527 1193 3588 aliq.
1209 3539 1255 3576 neo
1274 3531 1332 3574 turs

244 3598 358 3664 mous]
387 3601 507 3663 uplnmis
536 3605 672 3654 rariorum
696 3600 769 3654 eolo·
803 3608 890 3668 prtem
907 3619 996 3670 neque
1012 3604 1332 3656 enimtooultumetltr·

245 3689 335 3734 rum.»
356 3677 455 3737 Senon.
490 3682 591 3754 fiotum
609 3689 699 3733 antem
717 3684 769 3733 hoo
806 3687 863 3734 tam
874 3669 995 3734 diversas
1014 3699 1057 3734 res
1070 3684 1215 3746 significat,
1236 3688 1264 3733 ut
1276 3683 1333 3732 sint

245 3757 380 3806 monitum
397 3760 456 3810 eius
476 3766 516 3811 est
536 3762 582 3824 qni
601 3763 685 3829 probe
708 3775 768 3812 nos·
806 3763 1014 3824 disiungendaoo
1042 3765 1146 3816 tinore.
1178 3785 1211 3800 -
1237 3759 1330 3829 neate]

245 3839 289 3886 eet
322 3836 503 3899 familiarem
539 3841 680 3901 iuvenem,
723 3842 768 3890 oui
806 3843 1001 3904 significantius
1027 3856 1108 3907 quam
1132 3853 1330 3906 «praeparas»

245 3921 386 3978 nunquam
406 3919 433 3966 in
453 3921 572 3967 mentem
595 3923 706 3969 venerut
727 3931 768 3970 se,-
806 3920 861 3971 Cio.
882 3922 957 3971 Brut.
977 3921 1026 3972 trit
1055 3930 1083 3972 tu
1104 3924 1133 3971 to
1151 3923 1240 3986 forum
1257 3933 1334 3970 oeru-

246 4005 275 4046 te
302 3996 480 4058 aequiparare
504 3985 617 4047 Horatio
642 3997 768 4060 magnus
805 4012 850 4048 ras
867 4011 952 4060 anae,
979 4003 1024 4064 pat
1043 4014 1098 4050 ooo
1115 4000 1233 4064 illapsam
1252 3997 1334 4048 morlo

245 4073 342 4140 potitum
374 4083 475 4126 nomen
512 4079 655 4136 appetem
687 4082 768 4140 atque
805 4077 916 4130 moeses
941 4081 1128 4129 emmmtottooe
1149 4077 1253 4127 amesae·
1277 4081 1331 4126 oet.

157 4172 161 4177 ·
246 4149 359 4210 omnino
379 4151 452 4214 anot
469 4151 595 4224 antiquos
611 4153 768 4211 huiusmodi
808 4179 838 4192 -
858 4157 1012 4208 auratum
1026 4152 1191 4225 respondere]
1211 4169 1261 4220 pro
1274 4155 1332 4236 vol·
