2928 4794
223 276 305 346 344
567 290 704 342 nouanti
727 289 965 338 urisrouanun

223 433 342 504 Gratia
363 432 581 518 nequicquam
603 431 671 496 coit
700 432 735 495 ct
755 427 967 495 rescinditur.
1010 425 1060 492 At
1082 445 1147 491 vos

223 551 294 622 Seu
316 552 604 640 calidussanguis
624 569 685 615 scu
708 567 817 614 rerum
838 547 971 628 inscitia
993 551 1097 614 vexat

224 673 390 739 Indomita
413 673 546 753 cervice
568 671 676 750 ieros,
698 669 885 754 ubicunque
899 670 1055 734 locorum

224 793 364 876 vivitis,
386 791 514 881 lndigni
536 791 719 883 fraternum
739 807 893 873 rumpere
915 787 1051 874 foedus,
1108 788 1115 798 '
1269 782 1312 845 35

223 905 380 980 Pascitur
402 914 434 975 in
456 909 770 996 vestrumreditum
791 909 1082 974 votiva-iuvenca.

276 1107 299 1156 1.
336 1120 363 1157 v.
383 1069 428 1157 aa.
447 1105 604 1170 „ququam
622 1103 665 1154 no.
686 1102 755 1154 rma.
776 1117 807 1154 aa
824 1115 870 1152 vos
887 1101 949 1152 nso.
975 1117 1004 1155 v.
1024 1101 1252 1179 aarum-ma
1266 1103 1310 1152 sc.

177 1198 180 1203 ’
264 1212 300 1261 11.
338 1209 662 1262 nasum-neoc.

249 1318 300 1368 lll.
338 1333 364 1372 v.
385 1317 606 1368 castanensium
622 1331 654 1368 uc
671 1287 718 1366 eos
729 1341 739 1352 ·
751 1341 762 1352 ·
774 1316 861 1380 seros?
879 1329 895 1388 c
913 1314 997 1365 Godd.
1089 1301 1091 1306 ’

225 1484 343 1544 quantas
360 1492 423 1532 eum
440 1479 490 1529 tibi
508 1493 592 1530 curas
608 1491 667 1528 esse
685 1491 748 1528 oon·
788 1477 890 1528 aeon
907 1477 982 1527 teu.»
1013 1499 1042 1514 -
1071 1489 1160 1536 mom
1185 1473 1311 1539 mactito]

224 1558 343 1610 veniat.»
365 1582 396 1622 7-
419 1555 570 1619 monatius]
599 1557 670 1606 tilius
695 1555 748 1606 ior·
788 1554 872 1606 «uum
893 1568 963 1618 quae
983 1554 1114 1606 alteruter
1134 1545 1207 1605 recte
1229 1561 1312 1619 atquc

223 1627 296 1686 tass‘e
316 1635 345 1686 l..
364 1637 479 1688 Munatii
497 1636 590 1685 Planci
604 1648 660 1685 cos.
677 1649 704 1684 a.
718 1648 746 1684 u.
787 1635 883 1684 ordine
906 1631 1008 1686 lecerat
1030 1639 1077 1684 aut
1099 1636 1215 1694 dixerat,
1242 1635 1313 1684 alter

225 1727 251 1764 c.
265 1713 326 1764 712.
348 1711 410 1777 (οᾱ.
425 1715 450 1776 1,
464 1711 504 1777 7.)
524 1707 558 1750 ’-
575 1714 644 1763 mule
661 1710 747 1776 sarto]
787 1712 856 1762 ialso
875 1713 1067 1775 iuterpretatur
1083 1719 1164 1777 atque
1185 1714 1213 1763 in
1234 1727 1313 1763 suam

226 1793 320 1854 Imago
342 1793 485 1854 desumpta
510 1805 526 1841 a
551 1791 662 1841 volnere
688 1791 748 1840 ideo
787 1792 830 1842 vel
851 1790 1045 1842 contumeliam
1065 1791 1109 1841 vel
1128 1792 1255 1841 iniuriam
1272 1791 1313 1842 la·

226 1871 357 1930 rescisso,
377 1871 441 1932 quia
458 1870 516 1918 eius
535 1870 672 1930 margines
693 1882 748 1931 non
787 1875 859 1919 ctum
874 1871 1032 1932 opinatum»
1048 1866 1313 1932 (Missverstc'nct-

226 1952 299 1998 recte
325 1953 453 1997 consutae
482 1952 544 1998 sunt
567 1961 583 1996 a
609 1948 747 2008 chirurgo.
786 1943 1313 2018 otase);dnetpiaauiva'vilpmntvmv

195 2061 198 2066 -
226 2025 321 2076 Celsus
338 2025 412 2086 5,c:
439 2038 541 2076 assuere
561 2039 611 2075 occ
629 2025 747 2076 uolnera.
787 2022 966 2096 πραγμάτιον
975 2026 1021 2074 alii
1034 2025 1184 2088 explicant3
1199 2025 1246 2073 scd
1259 2025 1313 2074 lroc

227 2102 268 2154 lo.
287 2103 314 2163 7,
334 2104 366 2153 8:
387 2105 502 2181 Terttqm
521 2109 573 2164 cst,
592 2105 615 2152 aa·
636 2105 698 2168 quid
713 2105 750 2154 ibt
788 2104 815 2152 in
838 2103 954 2153 duorum
980 2105 1128 2166 proborum
1153 2102 1314 2160 adolescen-

228 2177 268 2244 (iu
285 2178 489 2242 aure'orlerna,
502 2182 530 2230 in
543 2180 626 2231 labris
639 2187 666 2231 et
678 2183 750 2232 uari·
787 2184 853 2233 tium
867 2181 979 2233 lortuito'
994 2184 1106 2249 dissidio
1125 2184 1239 2232 nimium
1259 2187 1312 2232 est.

226 2255 289 2321 bus)
315 2261 447 2316 earliest,
464 2261 571 2311 sarcire.
594 2283 624 2297 -
643 2263 749 2324 nequid·
789 2285 819 2322 7-
845 2263 978 2311 indomito
1000 2259 1111 2322 cervice]
1137 2260 1313 2324 Comparatio

226 2333 314 2400 worn]
344 2337 397 2387 «ita
418 2342 447 2386 ut
468 2339 582 2398 curatio,
606 2352 687 2402 quam
706 2353 749 2388 ex·
787 2340 899 2402 repetita
916 2341 950 2396 ata
967 2340 1043 2402 equis
1063 2337 1141 2402 (Epp.
1162 2342 1188 2400 1,
1206 2340 1233 2398 2,
1252 2335 1313 2402 ct.)

122 2443 124 2447 ·
226 2417 425 2478 spectabamus,
436 2415 533 2468 eiieetu
544 2424 663 2468 careat.»
677 2419 748 2470 Male
787 2423 813 2468 et
830 2419 855 2467 a*
864 2419 957 2478 lauris,
977 2432 1045 2481 quos
1059 2417 1154 2468 Gracci
1168 2417 1314 2488 σκληραυ-

225 2498 253 2544 el
270 2494 316 2545 hio
336 2499 363 2544 st
383 2495 458 2558 Virg.
481 2497 551 2546 Aen.
573 2499 600 2553 2,
622 2497 683 2547 aas.
704 2497 746 2556 la,
786 2497 873 2558 χένας
894 2501 921 2546 et
940 2494 1129 2562 ζυγομάχους
1148 2501 1257 2549 vocant.
1280 2521 1310 2530 -

224 2569 293 2621 633:
329 2574 365 2622 lit
389 2587 458 2623 muno
479 2577 653 2637 nequicquam
676 2574 748 2638 sulita
785 2575 926 2638 ubicunque
950 2571 1084 2636 locorum]
1116 2576 1160 2625 Sic
1182 2575 1251 2626 redit
1276 2575 1312 2625 ad

225 2649 290 2698 deu:
305 2650 471 2700 scholiastae
480 2659 746 2716 exponuntsunou.»
787 2653 893 2701 initium
914 2653 1061 2716 Epistulae.
1083 2679 1112 2690 -
1133 2654 1238 2717 foedus,
1258 2655 1312 2703 Po·

227 2748 256 2759 —
284 2725 354 2788 coit]
385 2729 456 2778 Cels.
482 2729 509 2789 8,
535 2730 594 2780 10:-
606 2737 692 2792 potcst
717 2745 748 2780 co
785 2727 876 2794 amiur]
887 2730 987 2781 Contra
1002 2733 1096 2794 postas
1109 2736 1228 2781 mentem
1242 2745 1313 2782 non·

224 2803 374 2852 susteneat
395 2807 748 2857 osaoirsctootnuasone-
786 2809 855 2858 nulli
882 2809 922 2860 sic
949 2799 1162 2872 interpunguut:
1200 2810 1310 2874 foedus:

224 2890 302 2929 acere.
322 2881 401 2932 Ovid.
422 2883 503 2932 Trist.
520 2885 548 2945 t,
566 2886 594 2946 t,
613 2887 660 2936 11:
682 2885 748 2936 Ncoe
785 2889 921 2948 Pascitur,
949 2901 1002 2952 qua
1028 2891 1133 2939 ratione
1158 2889 1313 2946 sententiae

222 2959 393 3008 retractando
409 2961 525 3014 nonum
540 2967 660 3014 coeuntia
677 2978 749 3013 rum·
786 2967 867 3016 nimis
895 2968 1006 3018 distrahi
1036 2968 1132 3018 saltem
1164 2969 1311 3028 videntur,

221 3047 287 3100 pum
315 3035 438 3086 Volnera.
468 3062 500 3074 -
526 3039 560 3090 At
583 3036 644 3102 cos]
679 3041 747 3093 Cum
785 3046 863 3107 quasi
884 3045 1000 3096 diceret:
1019 3047 1195 3111 «Ubicunque
1207 3047 1309 3103 vivitis,

224 3112 312 3174 magis
333 3113 435 3175 timeat,
453 3129 488 3164 ue
505 3117 661 3190 etiamnunc
677 3121 748 3170 inter
786 3125 921 3175 immerito
944 3126 1087 3187 pristinum
1112 3127 1224 3176 intimae
1246 3139 1312 3176 con·

225 3202 255 3240 se
283 3191 420 3244 discordes
451 3194 519 3256 sint,
551 3198 669 3268 graviter
699 3212 746 3249 cos
785 3205 893 3253 cordiae
906 3203 1001 3254 laeuus
1014 3205 1156 3268 rumpetis.
1182 3204 1311 3256 Ceterum

224 3269 339 3330 castigat
347 3275 374 3319 ct
381 3271 538 3324 adhortatur
546 3275 580 3324 ad
587 3276 746 3328 reconcilia·
785 3283 904 3344 pasoitur
916 3289 986 3333 oet.»
1005 3284 1093 3333 Immo
1107 3297 1154 3346 pcr
1164 3283 1308 3355 tipaxoto

223 3347 326 3402 tionem
345 3351 448 3410 gratiae
469 3351 520 3400 trac
538 3353 702 3418 allocutione
717 3363 747 3406 at
784 3361 852 3426 yiuv
869 3362 920 3410 hoo
939 3361 1018 3411 dicit:
1040 3362 1216 3425 «Ubicunque
1234 3375 1310 3413 nunc

223 3430 286 3488 cet,
299 3441 364 3490 pras
377 3442 430 3491 qua
443 3430 525 3482 nimis
537 3431 649 3495 languet
661 3434 746 3486 altera
784 3438 873 3489 vivitis
898 3452 962 3500 vos,
990 3454 1058 3503 quos
1089 3441 1201 3491 minimo
1231 3441 1310 3492 (locet

223 3501 305 3556 lectio
323 3520 364 3556 aa.
784 3512 931 3566 amicitiae
947 3517 1043 3568 foedus
1067 3519 1230 3580 dissolvere,
1255 3520 1310 3570 hoo

258 3581 383 3633 33-36.
421 3582 481 3647 Seu]
502 3585 587 3638 Mirus
609 3603 687 3640 error
706 3597 747 3642 cst
784 3595 888 3651 scitote,
910 3609 964 3656 me,
984 3599 1031 3662 qui
1049 3611 1097 3649 vos
1113 3597 1207 3647 auibus
1220 3610 1309 3660 aeque

223 3656 309 3708 Godd.
327 3659 409 3712 etiam
426 3663 677 3726 antiquissimorum
688 3671 747 3720 Heu
784 3672 877 3736 diligo,
892 3675 1310 3727 unanimemnostrumreditunr

222 3763 238 3776 -
250 3763 265 3776 -
277 3737 352 3794 Hem·
371 3740 457 3801 magis
474 3743 556 3793 etiam
569 3747 668 3795 mirum
680 3760 746 3797 eun·
783 3755 925 3813 exoptare,
946 3757 972 3801 et
990 3753 1063 3803 laeto
1083 3753 1217 3806 sacrificio
1237 3755 1308 3804 cels·

223 3813 286 3862 dem
308 3814 442 3876 placuisse
463 3820 620 3886 etCruquio
637 3829 663 3872 ct
681 3823 745 3874 Ges·
783 3829 923 3878 braturum
944 3841 1018 3889 ossa,
1046 3836 1076 3881 ut
1095 3832 1228 3882 Numidas
1250 3833 1305 3882 mei

223 3903 300 3941 nero.
345 3894 487 3957 Sapienter
511 3900 622 3952 Bothius
647 3901 746 3953 delevit
784 3902 847 3968 (Oct.
867 3907 896 3970 1,
915 3907 965 3970 36,
986 3905 1041 3972 2.);
1070 3912 1198 3973 quocirca
1223 3911 1307 3960 etiam

222 3968 302 4020 huius
321 3975 540 4028 annotationem:
561 3978 746 4043 aPatheticum
782 3997 844 4034 mea
870 3998 952 4037 causa
977 3987 1141 4050 ingratiam
1163 3990 1234 4044 inter
1258 4001 1307 4044 ros

221 4045 300 4102 ralia
324 4053 351 4104 ct
374 4052 542 4107 miserationi
563 4061 656 4119 aptum
677 4059 744 4110 illud
782 4063 872 4114 redire
890 4067 1088 4120 maturabitis.»
