2888 4810
237 301 317 371 544
578 323 720 373 uonarn
747 323 984 373 rrrsronnnuu

236 461 414 545 Quintum
436 459 581 553 proieci,
603 483 728 532 mecum
751 465 910 532 facientia
932 469 1005 532 lura

235 582 274 652 Si
297 589 407 652 tomen
429 580 608 652 attentes?
630 585 790 669 Quereris
810 605 913 672 super
934 587 998 654 hoo
1020 588 1136 674 etiam,
1159 587 1248 673 quod

235 705 446 790 Exspectata
468 709 528 774 tibi
551 727 618 773 non
640 711 766 774 mittam
788 711 933 775 cornino
957 709 1108 777 mendox.
1280 703 1321 774 25

236 805 365 894 noenu
389 831 482 895 mnes
504 831 647 897 correus
669 831 794 897 vntna
815 831 926 896 steron

235 949 432 1033 Aorumnis,
453 952 564 1022 lessus
586 952 661 1016 durn
683 954 786 1019 noctu
808 955 937 1039 stertit,
959 952 1133 1020 adessem

235 1069 453 1158 Perdtdorot3
475 1076 554 1159 post
575 1073 641 1140 hoc
661 1073 842 1140 vehemens
864 1077 964 1160 lupos
985 1079 1020 1141 et
1041 1074 1162 1144 sititet
1182 1073 1273 1140 hosti

235 1193 348 1259 iratus
371 1197 516 1280 pariter,
538 1197 657 1262 iciunis
679 1196 834 1264 dentibus
857 1213 953 1280 acer,

236 1313 444 1381 Praesidium
467 1320 583 1407 regale
604 1320 679 1384 loco
701 1318 841 1401 deiecit,
863 1322 902 1382 nt
921 1319 1035 1400 elont‚-
1280 1313 1326 1376 30

236 1431 369 1503 Summe
392 1442 516 1504 munito
539 1443 573 1505 et
595 1441 769 1504 mrrltnrunr
791 1439 896 1504 divlte
918 1459 1036 1504 rerum.

235 1558 355 1625 Clarus
378 1561 421 1625 ob
443 1560 475 1624 ld
499 1562 621 1627 foetum
645 1562 741 1627 donis
764 1565 903 1626 ornntur
924 1560 1092 1646 honestis3

236 1680 373 1766 Accipit
396 1684 503 1749 ethis
526 1680 613 1749 deno
634 1702 736 1767 super
757 1685 914 1752 sestertia
939 1686 1109 1756 nummum,

235 1803 339 1868 Forte
361 1804 424 1868 sub
446 1802 510 1870 hoc
532 1775 663 1887 tenpus
684 1805 857 1870 castellum
881 1815 1036 1870 evertere
1058 1809 1196 1888 praetor

234 1924 358 1990 Nescio
381 1924 468 2010 quod
491 1927 629 2010 cupiens
658 1923 784 1990 hortari
807 1928 918 2010 coepit
942 1926 1084 1991 eundern
1280 1923 1322 1987 35

235 2045 373 2125 Verbis,
396 2064 480 2131 quoe
502 2045 615 2114 timido
638 2065 769 2132 quoque
790 2050 930 2132 possent
952 2047 1077 2118 addere
1098 2053 1257 2119 mentem:

275 2242 311 2293 11.
349 2257 375 2294 v.
395 2241 439 2294 23.
459 2249 521 2293 tttttc
538 2242 568 2296 C.

240 2403 248 2410 ’
268 2407 383 2460 etl-'to
392 2403 457 2469 torn]
466 2407 599 2457 ‹tcumtibl
609 2407 678 2457 dixi»
691 2411 754 2468 cen,
793 2421 855 2457 num
867 2407 907 2457 vel
917 2406 1115 2457 Servilianum?
1129 2431 1161 2444 -
1170 2407 1320 2476 Aemmnir]

236 2487 275 2536 oei
290 2492 381 2538 tamen
399 2487 454 2549 ius,
480 2488 551 2550 quod
571 2501 615 2536 mo
628 2487 754 2548 adiuuat,
794 2487 849 2537 Cic.
864 2481 982 2542 Tuam,
1003 2487 1038 2536 e:
1058 2501 1217 2537 acrttmno
1231 2491 1322 2555 uepri-

234 2565 398 2618 labclactare
419 2567 570 2617 cenerici»
595 2593 627 2604 -
646 2565 755 2618 ‘mecum
794 2565 857 2614 tudo
877 2566 1020 2615 laborioso.
1042 2591 1070 2603 -
1092 2565 1128 2614 cd
1148 2564 1248 2630 ccccm]
1269 2569 1321 2618 «ad

233 2644 373 2710 facientia]
405 2652 434 2696 ut
453 2647 521 2711 Epp.
542 2647 575 2708 2,
598 2650 632 2708 1,
657 2647 701 2698 68.
729 2639 754 2684 ’-
794 2659 882 2696 assem
899 2645 1024 2696 ultimum
1035 2658 1060 2706 ,n
1081 2647 1320 2696 utcumdieimos

233 2723 360 2789 attoarios]
381 2724 451 2777 Huic
468 2741 494 2778 r.
511 2727 592 2790 plone
610 2728 756 2790 respondet
794 2726 830 2774 od
845 2739 925 2775 unum
946 2738 1041 2774 omnes.
1064 2721 1180 2786 -,aibi]
1210 2732 1322 2789 propter

234 2810 356 2855 nostrum
387 2807 575 2870 onfeetten,
603 2811 633 2855 nt
657 2805 756 2855 dieitur
794 2805 1004 2866 negligentiam,
1024 2817 1076 2867 qua
1094 2803 1321 2866 ronomtdaildn

233 2883 331 2946 aliquis
352 2885 451 2933 tentori
462 2922 468 2939 ,
489 2886 618 2934 attentari
631 2884 705 2934 bello.
724 2911 753 2920 -
793 2900 875 2943 τιον,
896 2879 1082 2947 Geldiotre)
1103 2884 1272 2947 perdiderat.
1290 2908 1318 2918 -

232 2958 381 3024 superior]
404 2963 606 3025 «praeterirem
621 2964 654 3012 ad
669 2965 719 3012 hoc
729 2977 755 3021 ς»
794 2960 864 3026 loeo]
885 2963 1015 3013 «castello
1028 2999 1035 3019 .
1050 2963 1121 3030 quod
1136 2962 1321 3018 defendebant

233 3053 306 3101 non,
327 3046 356 3091 nt
372 3041 418 3091 elil
432 3047 583 3105 exponunt:
605 3043 655 3092 «de
675 3043 754 3094 hoc.»
793 3042 956 3093 Mithridatis
972 3041 1091 3102 milites,
1119 3055 1166 3091 eos
1186 3042 1320 3104 depulit.»

177 3153 178 3160 ι
234 3117 289 3170 Cir.
307 3120 363 3171 Sat.
388 3121 424 3183 d,
451 3118 540 3182 6ἳ3.
574 3147 606 3158 -
637 3121 766 3186 Luculli]
794 3122 880 3176 Lucil.
895 3122 964 3173 liar.
980 3137 1007 3184 p.
1028 3121 1097 3171 litt:
1119 3122 1246 3170 Detrneoa
1262 3128 1320 3186 toto

234 3199 346 3272 ottone,
379 3215 441 3251 oum
463 3202 527 3251 eatis
547 3201 669 3265 locuples
689 3203 754 3254 mihi
791 3202 819 3250 oi
836 3200 1101 3264 deiectusqueltalio.
1129 3199 1185 3249 Cic.
1206 3199 1278 3252 Pon.
1292 3199 1318 3259 8,

233 3280 336 3342 videor,
354 3281 495 3332 nullalam
510 3283 630 3332 carmina
647 3297 755 3347 compo·
792 3281 827 3330 2:
864 3277 974 3329 Antonii
1002 3279 1163 3346 praesidium
1194 3279 1320 3332 Ciotemo

233 3373 284 3416 no,
306 3375 416 3425 prorsus
436 3367 464 3412 ut
479 3361 557 3411 miles
575 3361 620 3412 ille
631 3363 753 3420 Luculli,
792 3359 882 3408 deiecit
903 3359 1015 3409 Hirtius.
1033 3385 1066 3395 -—
1079 3354 1176 3418 divite]
1200 3355 1320 3422 Porphy-

233 3453 295 3490 curn
304 3442 446 3505 pecuniam
461 3447 653 3503 nactusesset,
668 3443 756 3492 noluit
793 3439 833 3488 rio
855 3438 989 3500 significat
1016 3438 1053 3487 ibi
1073 3435 1238 3491 Mithridatis
1263 3440 1320 3488 the·

231 3521 325 3572 rur‘sus
338 3521 493 3573 discrimina
512 3523 576 3572 belli
590 3523 710 3574 subire.»
722 3547 755 3557 -
793 3530 887 3568 sauros
898 3518 990 3567 tuisse.
1002 3541 1032 3552 -
1043 3512 1132 3579 dorda]
1143 3516 1317 3576 militaribus,

231 3599 320 3665 miter]
352 3601 500 3666 Porphyrio
531 3603 611 3652 etiam
644 3603 672 3652 in
704 3603 752 3652 lid.
793 3599 876 3648 hastis
892 3599 974 3662 poris,
992 3597 1121 3661 phaleris.
1141 3609 1244 3647 corona
1262 3611 1319 3647 mo-

232 3682 320 3742 prine.
344 3681 422 3732 1481.
442 3683 514 3732 hune
542 3683 656 3736 militem
678 3688 755 3734 vocat
792 3678 852 3738 rati,
868 3683 919 3727 cet.
932 3698 962 3712 -
972 3673 1058 3739 super]
1069 3675 1226 3738 «iesuperu
1240 3677 1319 3726 -dir

233 3759 402 3809 Valerianum
432 3759 620 3822 Sentiionum,
652 3765 755 3827 praese·
792 3756 878 3822 deno]
899 3755 966 3807 leco
986 3757 1057 3806 Flor.
1080 3755 1168 3804 llircn.
1191 3769 1214 3804 s.
1235 3754 1317 3805 ΞΜ.

232 3843 302 3888 ctum
321 3840 446 3888 coercitm
466 3835 503 3902 (ld
523 3845 580 3899 est,
601 3845 629 3889 nt
646 3841 753 3904 opinor,
792 3841 889 3889 Fronc.
913 3837 992 3888 Helu.
1013 3860 1044 3871 -
1062 3835 1108 3884 sub
1121 3831 1186 3896 hoc]
1209 3835 1318 3899 «paullo

169 3949 176 3962 .
232 3909 399 3982 praefectum
424 3915 597 3982 castrorum.)
629 3917 680 3968 Sed
707 3934 755 3969 no·
793 3923 853 3982 post
870 3919 921 3967 hoc
938 3921 1073 3979 tempus.»
1091 3941 1120 3952 -
1139 3912 1267 3978 praetor]
1287 3929 1318 3966 er

231 3991 295 4047 nien
317 4003 432 4048 nonest
452 3997 625 4058 Romanum,
650 3997 680 4047 L.
704 3999 755 4048 Lu·
793 3997 946 4060 antiquiore
970 3995 1115 4045 Latinitate
1137 4007 1185 4057 pro
1213 3994 1317 4053 «duce,

232 4076 297 4126 culli
320 4082 392 4126 certo
411 4081 550 4142 tompore:
571 4090 605 4127 an
621 4075 677 4146 leg.
706 4079 755 4128 Vo—
793 4077 985 4141 tmperatoro.»
1001 4098 1031 4109 -
1044 4065 1172 4134 evertere]
1193 4073 1318 4126 etiamid

229 4153 322 4206 Mum
347 4152 541 4204 Seruilianum?
579 4167 613 4209 en
630 4151 755 4222 ¹i'olortc'-
793 4153 926 4226 prosaor.
942 4151 1166 4214 Gie.0ll.1‚·idr
1186 4153 1218 4204 dc
1230 4165 1318 4206 coar-
