2928 4794
156 259 157 268 ἵ
230 279 309 352 338
387 317 394 329 ·
564 288 705 336 nonnuli
732 281 970 332 uunsronsuuu
1019 292 1022 300 ·

230 439 404 506 'l'hreeone
426 451 490 498 vos
512 401 710 509 Hebrusque
732 423 834 486 nivali
857 413 1016 501 compede
1038 415 1186 490 rinctus,

231 559 288 624 An
311 557 400 640 frete
420 553 550 617 vicinos
571 543 849 612 intercurrentis
871 541 998 620 torreo,

232 678 290 742 An
312 677 456 762 pingues
477 671 583 735 Asiae
606 667 711 748 compi
734 662 904 744 collesque
927 643 1124 720 morantur?
1298 642 1317 704 5

238 942 244 948 '
291 942 313 992 1.
350 937 399 1002 Ep.
420 923 529 998 iliis.
548 933 575 983 l.
596 929 705 1011 Habent
723 935 810 978 turrea
826 921 886 988 bs.)
906 939 950 974 -v.
970 923 997 974 5.
1024 914 1100 970 colles
1118 918 1255 980 campique
1274 913 1319 970 S„

160 1001 164 1007 ’
236 1011 283 1063 sed
302 1013 464 1060 correctum.

159 1089 160 1094 ’
263 1115 314 1166 111.
351 1114 401 1176 up.
422 1111 471 1161 111.
491 1124 518 1159 v.
537 1108 564 1157 c.
585 1111 671 1158 urm
689 1116 704 1154 e
723 1103 789 1154 coa.
810 1068 907 1150 niano.
928 1096 1069 1160 antiquiss.

239 1319 340 1400 quanto
361 1327 421 1395 plus
441 1340 538 1393 quam:
567 1309 679 1388 «cupio,
705 1333 761 1371 ma·
799 1318 916 1378 Europa,
944 1313 988 1366 vet
1011 1311 1166 1363 nominibus
1191 1311 1235 1364 vet
1262 1309 1326 1360 aliis

240 1423 360 1478 pnopere
377 1405 499 1458 studeo.»
521 1429 552 1440 -
574 1397 687 1463 Thraco]
709 1400 763 1450 tor·
795 1396 885 1458 ,signis
905 1394 969 1444 satis
990 1393 1023 1442 ab
1051 1391 1111 1441 aliie
1132 1389 1208 1441 tretis
1230 1389 1327 1438 distin-

169 1546 171 1549 ,
240 1503 285 1540 ma
307 1489 429 1551 poetica,
449 1481 569 1556 Θρῄκη,
590 1482 670 1530 etiam
691 1479 763 1541 apud
801 1479 930 1537 guantur.
957 1517 958 1520 ,
1073 1517 1075 1520 .

240 1563 537 1630 virp.nen.1n,335.
575 1561 654 1611 Teste
673 1562 762 1608 autem
836 1552 925 1608 5-8,
962 1545 1096 1611 studioso]
1122 1547 1240 1610 «copem
1258 1547 1328 1594 titte-

242 1645 371 1698 Suetonio
390 1644 450 1697 Tib.
472 1642 515 1692 tl.
547 1639 672 1689 Tiberius
693 1637 764 1686 hanc
802 1643 922 1680 rurum.»
943 1628 1013 1686 Cels.
1029 1629 1054 1686 1,
1069 1627 1095 1676 2.
1117 1623 1326 1690 (Careinugast

243 1723 442 1786 expeditionem
477 1709 669 1768 Armeniacum
701 1714 766 1764 tecit
804 1709 939 1758 «studiosa
960 1706 1113 1770 operum»)
1145 1703 1226 1766 «lpse
1247 1702 1329 1752 Tibe·

242 1810 292 1865 per
308 1798 498 1852 Macedoniam
518 1801 544 1846 et
563 1793 717 1844 Thraciam.
731 1814 764 1830 -
804 1788 859 1836 rius
878 1787 987 1838 doctus»
1008 1780 1136 1847 (elsaepo
1150 1781 1329 1831 curiosaern-

243 1874 360 1942 uinctus]
394 1875 473 1925 unire
495 1873 632 1922 strictus.»
666 1871 763 1921 Senon.
804 1853 1007 1915 ditioneamicis
1017 1861 1164 1912 molestus:
1179 1860 1253 1910 Suet.
1265 1859 1328 1908 Tib.

245 1951 337 2016 Cogita
355 1954 389 2002 de
407 1951 490 2004 fluvio
511 1952 573 2020 deo,
606 1975 634 1986 -
669 1944 765 2009 turres]
804 1939 866 2005 7⁰.)
893 1947 937 1992 «et
958 1941 1051 1997 doctos
1071 1940 1183 1988 comites
1204 1936 1327 1986 haunit.»

245 2031 350 2081 «Herus
360 2034 386 2079 et
395 2020 527 2080 Leandri:
543 2028 618 2077 lnter
631 2026 727 2076 Seston
740 2029 766 2074 et
805 2021 910 2072 Ponen.
929 2041 961 2056 -
981 2014 1096 2078 colors]
1106 2016 1249 2068 Paullatim
1269 2027 1330 2064 mua

147 2159 151 2165 .
244 2106 359 2172 Abydon
385 2106 505 2157 medium
533 2110 574 2154 est
598 2103 767 2166 Hellesponti
806 2098 930 2158 invaluit,
950 2103 980 2146 ut
1000 2097 1039 2146 sic
1059 2081 1246 2158 appellaretur
1264 2105 1332 2156 preat

245 2185 374 2238 fretum.»
406 2184 546 2234 Ponenda.
585 2183 659 2244 Quae
686 2181 768 2243 expli·
808 2175 892 2242 (Epp.
922 2177 947 2237 1,
975 2177 1002 2234 9,
1031 2171 1092 2237 13.)
1116 2173 1331 2228 adolescentium

247 2265 318 2314 catio
336 2261 512 2313 confirmatur
527 2261 611 2312 etiam
630 2260 769 2311 Strabonis
808 2255 956 2312 nobilium,
981 2254 1028 2316 qui
1050 2253 1250 2306 comitabantur
1271 2263 1333 2312 pro·

248 2342 292 2402 13,
315 2341 359 2390 22.
380 2341 441 2390 loco
463 2340 498 2389 de
518 2339 658 2402 utriusque
678 2337 769 2401 oppidi
809 2333 950 2383 consulem
972 2331 1015 2382 vel
1036 2342 1226 2394 quemcunque
1246 2327 1333 2378 alium

219 2465 223 2471 .
248 2419 316 2479 situ,
345 2418 378 2468 do
398 2414 522 2487 πύργοις
544 2422 570 2466 et
587 2430 667 2466 cursu
688 2429 770 2480 aqua·
809 2425 872 2461 cum
896 2410 1015 2474 virnperio
1044 2414 1118 2458 extra
1144 2409 1239 2458 urbem
1268 2407 1335 2456 mie·

247 2509 325 2547 ruma
357 2495 422 2564 περὶ
442 2491 497 2544 τοῦ
519 2487 576 2564 ῥοῦ
593 2491 647 2544 τοῦ
669 2493 703 2544 ἑκ
716 2491 772 2558 ,τῆς
809 2504 879 2540 snm.
899 2489 956 2540 Cic.
976 2489 1009 2537 ad
1028 2487 1061 2550 Q.
1077 2489 1122 2536 Fr.
1137 2487 1162 2547 1,
1177 2485 1249 2544 etz
1268 2495 1335 2546 punc

247 2568 459 2645 Προποντίδος.
497 2567 606 2633 (Catull.
629 2571 679 2630 dd,
701 2570 770 2620 358:
809 2582 870 2618 uero
897 2573 945 2616 cut
969 2580 1001 2618 ec
1025 2566 1170 2616 domesticis
1194 2565 1336 2614 convictio·

248 2651 327 2713 undu
339 2647 504 2707 Scamandri,
526 2648 597 2710 Quae
609 2649 709 2708 purtim
722 2661 773 2698 ra·
809 2647 885 2696 ntem
902 2651 950 2694 cut
967 2658 999 2694 ee
1015 2643 1166 2692 necessariis
1184 2642 1336 2703 apparitio·

245 2727 328 2792 pido
345 2725 501 2790 diffunditur
524 2723 772 2786 Hellesponto.)
809 2725 979 2774 nidmtecnm
992 2722 1171 2776 crwnolcirti,
1185 2719 1337 2783 cuiquest

248 2802 282 2853 V.
302 2809 389 2858 turrea
410 2801 492 2862 igitur
508 2803 616 2864 proprie
639 2803 773 2864 accipieu·
811 2815 848 2852 ee
866 2801 997 2851 cohorte
1013 2800 1186 2862 praetoria
1203 2796 1338 2860 appellari

251 2881 330 2939 dum,
351 2892 440 2941 neque
457 2879 648 2941 explicandum
661 2885 706 2929 aut
720 2887 774 2930 tnr-
810 2880 894 2928 solent
912 2882 964 2927 cet.
993 2878 1053 2928 Tib.
1073 2878 1100 2936 1,
1119 2876 1145 2937 3,
1164 2877 1191 2926 2·
1219 2874 1336 2924 lixl’or·

251 2958 320 3006 ritas
331 2956 406 3004 urbes
424 2953 465 3018 (nt
477 2957 538 3006 Tib.
556 2958 582 3016 1,
605 2957 632 3016 ’1,
653 2958 701 3007 to:
732 2959 774 3008 Ut·
811 2956 949 3020 phyriouis
970 2955 1079 3005 Schotio
1108 2953 1207 3004 collato
1229 2953 1336 3002 Lucilio

251 3047 299 3098 pue
323 3034 406 3084 moria
430 3039 533 3093 eurtum
551 3040 700 3096 prospectet
721 3041 775 3084 tur·
812 3037 920 3086 Bouana
941 3048 968 3098 p.
989 3033 1033 3082 25.
1056 3032 1165 3095 prodire
1182 3032 1287 3082 ridetur
1299 3031 1336 3080 ab

251 3111 323 3160 ridor
335 3124 477 3184 cequoru
493 3109 604 3175 Tyrcae)
623 3118 669 3162 aut
686 3127 774 3176 scopu·
813 3113 917 3164 Lucilio
941 3111 1008 3162 tales
1030 3113 1143 3160 comites
1164 3111 1267 3160 ironice
1289 3122 1338 3172 ap-

239 3188 300 3263 los.
325 3188 403 3250 Quod
425 3190 459 3239 ad
480 3189 543 3239 lect.
566 3197 650 3248 terrac
670 3192 773 3246 attinet,
813 3191 928 3257 pollutos
950 3204 1009 3240 esse
1030 3202 1115 3238 meror
1140 3185 1191 3250 (sic
1211 3188 1336 3238 Hoobed.

178 3295 179 3298 =
253 3277 314 3315 oum
333 3281 377 3319 vr.
395 3267 466 3332 fretu
484 3269 617 3318 currentia
630 3270 699 3318 inter
714 3269 776 3318 olci-
814 3276 907 3321 contra
920 3269 970 3326 Ed.
981 3267 1063 3318 1481:
1082 3268 1195 3317 mercede
1204 3263 1338 3327 inemtas)

252 3358 301 3394 nor
319 3351 404 3395 terror
423 3345 450 3395 in
464 3347 572 3402 omnia,
591 3359 661 3409 quae
675 3341 786 3409 nbiqne'
814 3349 935 3412 lepioner.
955 3371 986 3381 -
1006 3346 1068 3410 qnid
1080 3370 1090 3381 ·
1104 3356 1209 3408 opernm
1224 3341 1336 3406 scrutor]

253 3427 325 3482 sunt,
339 3423 408 3472 treta
421 3424 564 3486 quadrent,
578 3425 622 3472 hic
635 3438 699 3475 vero
712 3425 776 3476 idel-
815 3438 901 3490 (cquae
919 3425 1018 3486 scripta
1043 3424 1217 3486 componitis
1237 3423 1336 3474 Senon.

238 3501 392 3566 ·lespoutus
423 3503 524 3564 optime
556 3502 714 3564 designetur
748 3517 774 3552 v.
815 3529 841 3540 -
866 3503 912 3550 troc
930 3515 1028 3564 quoque
1047 3497 1122 3562 curo]
1143 3514 1214 3550 cnon
1236 3501 1337 3560 solum,

254 3584 354 3638 turres,
373 3578 417 3627 vel
434 3579 486 3627 hoc
502 3580 613 3629 nomine
634 3581 709 3628 retici
732 3581 777 3628 dc·
814 3581 860 3630 ubi
874 3586 1008 3629 terrarum
1028 3592 1101 3634 nune
1114 3579 1228 3640 degatis,
1243 3592 1340 3630 verum

254 3655 314 3713 bet;
343 3655 371 3702 in
396 3654 463 3703 loeis
491 3661 581 3705 antem
612 3670 627 3704 a
654 3658 776 3706 Bentleio
815 3659 896 3708 etiam
910 3658 1009 3720 quibus
1021 3657 1115 3706 studiis
1126 3658 1254 3707 vacetis.»
1276 3657 1342 3705 lun·

255 3730 355 3788 altatis,
380 3731 463 3779 veluti
483 3732 562 3782 Ovid.
589 3746 620 3781 ex
644 3733 730 3782 Ponto
749 3734 776 3792 d,
815 3735 903 3798 penda
923 3735 996 3784 euim
1013 3735 1081 3784 haec
1100 3748 1162 3784 eum
1180 3735 1338 3797 praeeedd„

256 3808 299 3866 10,
319 3807 367 3858 ati:
389 3807 486 3871 Quique
505 3805 627 3872 (Tanais)
648 3811 778 3860 dnarter·
816 3825 871 3862 non
899 3826 962 3862 cum
985 3825 1077 3876 sequ,
1104 3818 1135 3864 ut
1160 3813 1251 3862 minus
1274 3825 1342 3867 eou-

255 3897 310 3944 τοο,
330 3881 421 3934 Asiam
439 3885 578 3949 Cadmique
595 3901 720 3948 sororem,
736 3888 779 3938 Se·
816 3891 897 3941 cinne
918 3890 948 3940 tit
971 3890 1000 3939 in
1021 3890 1107 3942 altera
1130 3891 1192 3942 lect.
1213 3891 1285 3940 duee.
1307 3911 1340 3924 -·

252 3965 777 4040 peruretcurrtuinterutrcmpuescclt:
815 3964 939 4030 rcridm]
965 3973 996 4018 ut
1014 3967 1065 4018 0d.
1085 3969 1113 4029 1,
1132 3968 1159 4029 o,
1178 3969 1203 4018 1.
1224 3968 1261 4018 de
1281 3980 1342 4018 ear·

255 4053 288 4090 ae
305 4039 449 4103 similibus,
470 4042 540 4097 duae
557 4047 656 4119 terrae,
676 4042 779 4094 Asiaet
817 4043 936 4095 minibus
969 4046 1127 4108 praesertim
1156 4045 1340 4110 panegyricis.
