2916 4796
216 257 299 332 loo
361 289 363 295 ’
534 275 539 288 ·
565 283 706 332 noanon
727 281 968 330 anrsrouuuun

216 423 428 491 Brundisium
451 423 593 491 Minuul·
606 425 723 490 melius
744 425 801 488 via
823 421 923 490 duest
942 439 989 488 an
1011 420 1115 508 Appi.
1263 418 1329 510 20·

217 544 324 629 Quem
347 546 506 614 damnosa
527 547 780 630 Venus‚·quem
802 561 967 629 praeceps
984 545 1063 610 'alea
1084 543 1207 620 nudat,

115 725 123 734 .
218 667 334 736 Gloria
357 687 452 753 quem
474 686 576 753 snpra
597 669 689 734 vires
711 669 746 732 ot
767 668 873 732 vestit
895 668 932 731 et
951 668 1067 756 ungit,
1115 725 1119 740 ς

218 788 323 872 Quem
346 791 439 856 tanet
461 790 594 876 argent!
617 789 692 854 sitis
714 789 906 873 importuna
925 787 1096 885 famesque
1103 835 1113 874 ,
1156 827 1162 840 ·

217 908 323 993 Quem
345 911 556 997 paupertatis
578 908 687 994 pudor
708 913 742 974 et
765 909 862 998 iuga,
886 906 982 974 dives
1004 910 1129 986 amiens
1196 957 1203 963 ι

217 1027 330 1117 Saepe
353 1029 466 1096 decem
489 1032 581 1096 vitiis
602 1031 797 1096 instnmtior
818 1029 889 1094 odit
913 1034 947 1096 et
969 1029 1100 1113 horret,
1194 1051 1202 1058 ·
1268 1027 1310 1090 25

217 1153 308 1240 Aut,
330 1154 358 1216 si
382 1172 449 1217 non
472 1151 556 1233 odit,
579 1153 669 1244 regit
691 1169 734 1217 ao
756 1152 861 1216 veluti
885 1153 940 1236 pla
962 1154 1068 1218 mater

218 1273 421 1359 Plusssquam
443 1291 482 1338 se
503 1291 624 1357 sapere
639 1275 681 1366 et
703 1273 884 1340 virtutibus
906 1291 984 1338 esse
1007 1275 1152 1366 priorem

218 1395 300 1461 Volt
322 1402 356 1460 et
378 1396 425 1459 ait
446 1409 553 1480 prope
575 1411 673 1459 vera:
695 1392 798 1458 Meae
821 1391 1040 1465 (contendere
1064 1393 1145 1469 noli)
1229 1420 1231 1438 ·

271 1579 294 1630 1.
332 1595 359 1632 v.
377 1579 422 1629 28.
442 1580 499 1645 opit
518 1579 545 1628 S.
583 1593 609 1629 v.
630 1579 674 1628 28.
694 1579 758 1628 miti
775 1581 929 1630 contendero
946 1579 977 1628 L.
997 1592 1013 1629 a
1031 1579 1118 1630 Codd.

260 1668 297 1719 ll.
335 1684 361 1721 v.
381 1669 425 1717 20.
446 1669 548 1719 Numici
567 1667 621 1717 Lu,

175 1851 178 1857 .
220 1812 527 1865 tandemeontroversia
542 1813 602 1861 esti
622 1811 692 1862 sane
712 1811 745 1862 de
783 1837 817 1849 --
833 1807 941 1874 Gloria]
962 1806 1126 1874 κενοδοξία.
1146 1813 1254 1864 «llomo
1268 1827 1315 1867 va·

220 1892 365 1948 levicula.»
405 1891 499 1940 castor
517 1890 746 1952 etlloltolaosgla·
784 1905 854 1950 nus,
887 1889 1019 1952 gloriolae
1047 1891 1136 1940 studio
1162 1893 1313 1955 abreptus,

221 1972 339 2021 diatones
357 1970 405 2019 illo
425 1974 548 2032 temporo
566 1969 672 2031 magnis
689 1969 747 2019 lau·
784 1969 1029 2033 sumptuosioribus
1048 1970 1168 2020 vestibus
1186 1983 1316 2033 unguen-

221 2049 299 2100 dibns
329 2049 362 2098 ab
391 2049 519 2097 omnibus
545 2045 685 2098 celebrati.
715 2071 745 2082 -
785 2051 873 2112 iisque
900 2049 1002 2108 utitur,
1031 2061 1113 2110 qnam
1139 2050 1197 2099 eius
1228 2049 1316 2101 laeni-

220 2125 566 2191 solat-plor]«peritiorsit
578 2127 746 2178 emisenae.»
786 2133 854 2178 tates
872 2128 1053 2178 concedunt.»
1083 2153 1111 2164 -
1139 2125 1314 2192 importuno]

220 2227 255 2244 -
273 2203 459 2272 Brundisium]
494 2207 610 2256 «Utrum
633 2207 676 2258 vla
697 2205 747 2257 Ml·
787 2221 874 2277 aquae
890 2207 1023 2270 pecuniae
1040 2207 1169 2269 cupidum
1185 2209 1316 2272 conquie-

222 2287 321 2347 nuoia‚
342 2299 423 2350 qnam
444 2287 486 2338 Ti.
506 2286 744 2348 Minuoinsllngu·
787 2299 863 2335 scere
883 2285 1026 2350 *nunqnam
1049 2285 1141 2335 sinit.»
1171 2309 1202 2322 -
1229 2287 1316 2337 decem

222 2367 298 2418 rinus
320 2380 376 2417 eos.
399 2380 425 2416 a.
448 2381 477 2416 u.
499 2373 524 2417 o.
543 2367 606 2419 dli.
626 2377 674 2430 per
696 2371 748 2415 tra·
785 2359 1037 2426 uitiisimtraotior]
1051 2365 1314 2418 «multovitiosioro

222 2451 295 2497 otum
317 2451 492 2516 montuosum
518 2447 576 2509 agri
604 2445 697 2496 Sabini
721 2448 748 2494 et
786 2445 945 2494 Instramtior
970 2447 1061 2493 autem
1087 2440 1167 2514 παρὰ
1190 2441 1316 2515 προσδο·

222 2526 327 2578 Samnii
355 2527 508 2586 munierat,
540 2539 576 2576 an
607 2530 670 2575 nota
701 2523 748 2574 illa
787 2525 868 2584 κίαν,
889 2523 966 2587 quasi
986 2535 1051 2574 vero
1069 2523 1133 2573 vitia
1152 2527 1315 2574 ornamento

222 2604 323 2669 Appia'
361 2605 531 2656 commodius
572 2604 748 2655 Brundisium
787 2595 815 2653 et
835 2602 979 2654 commodo
1001 2606 1101 2652 essent.

223 2684 332 2734 ducat.»
822 2679 952 2731 ao-ao.
989 2676 1072 2744 rapit]
1101 2679 1253 2730 «rationem
1277 2681 1316 2734 vi-

258 2761 372 2811 at-aa.
411 2761 506 2822 Quem]
528 2761 597 2823 uQul
611 2761 663 2818 his,
679 2773 748 2824 quaa
787 2760 868 2811 vendi
882 2761 906 2812 el
917 2755 1104 2822 praescrihit.»
1125 2783 1156 2794 -
1175 2759 1257 2810 volasti
1266 2761 1317 2822 pio

223 2845 383 2899 enumerat,
403 2841 475 2891 vitiis
488 2841 646 2903 deturpatus
659 2840 748 2890 divitis
787 2836 886 2901 motor]
915 2838 1068 2888 Admodum
1090 2837 1185 2890 festiae
1205 2853 1316 2903 eompa-

224 2919 324 2978 amioi‚
348 2918 463 2968 sortasse
481 2919 563 2968 etiam
583 2919 747 2977 vitiosioris,
788 2924 829 2969 rat
849 2919 960 2970 divitem
981 2919 1126 2980 uitiosum,
1157 2921 1204 2982 qni
1232 2920 1316 2969 amiel

224 2997 339 3060 gratiam
369 3002 474 3060 captat,
506 3003 552 3047 ant
575 2998 648 3047 huno
672 2997 749 3048 brevi
789 2996 925 3048 inferioris
944 2998 1043 3048 malam
1061 2999 1182 3062 aliquam
1200 3012 1317 3048 eonsue-

225 3075 350 3140 tempor'e
371 3077 405 3126 ab
432 3089 461 3126 se
488 3075 672 3138 abalienabit,
705 3081 750 3125 ant
788 3078 911 3128 tudinem
925 3078 1053 3140 castigat,
1072 3091 1134 3127 oum
1148 3082 1250 3139 matre,
1272 3079 1317 3128 eui

225 3157 325 3206 amissa
341 3155 465 3206 libertate
482 3157 515 3206 ab
530 3169 562 3206 eo
582 3169 689 3220 semper
707 3168 750 3204 oa·
788 3156 889 3207 liberos
913 3171 928 3207 a
950 3158 1020 3208 vitiis
1040 3171 1168 3209 revocare
1194 3159 1318 3221 proposi·

225 3235 378 3298 tligahitur.
406 3235 458 3298 Qui
476 3235 693 3298 ergo‘lautorem
707 3234 750 3284 iir-
788 3239 845 3285 tum
863 3240 904 3285 est
924 3240 951 3285 et
969 3235 1096 3296 efficere,
1117 3234 1151 3286 ut‘
1166 3236 1211 3288 vel
1229 3241 1319 3288 semol

225 3315 306 3366 miter
324 3328 417 3366 secum
435 3316 602 3378 coniungere
611 3304 765 3378 [simulque
790 3315 847 3378 ipsa
868 3313 995 3364 meliores
1017 3314 1143 3366 evadant.
1164 3342 1197 3352 —
1213 3311 1317 3378 propo]

222 3395 379 3446 vlibertatum
400 3395 518 3445 retinere
538 3396 627 3456 volet,
648 3395 670 3444 is
688 3400 751 3444 ante
789 3395 891 3444 Rursus
920 3393 1077 3456 significata
1112 3395 1154 3443 im
1184 3393 1318 3445 Gauron

225 3475 318 3525 omnia
339 3487 354 3523 a
376 3474 467 3534 vitiis,
500 3475 597 3538 quibus
624 3475 669 3524 ille
692 3475 750 3524 iura
788 3487 1000 3542 penommona
1021 3483 1065 3522 ao·
1084 3473 1249 3523 steml't'ett.
1276 3469 1315 3509 ’-

226 3556 395 3612 succenseat,
406 3552 477 3602 liber
485 3559 570 3603 esto.»
583 3577 612 3589 -
624 3555 752 3604 damnosa
790 3549 948 3615 stultitiam]
960 3553 1054 3604 ulle'ae
1063 3567 1128 3616 opes
1137 3557 1228 3603 tantae
1241 3557 1317 3612 sunt,

222 3627 326 3693 νοω]
340 3631 445 3695 utllpp.
460 3633 487 3692 Ξ,
501 3634 527 3693 1,
544 3632 609 3683 107:
623 3634 752 3684 damnoso
790 3636 820 3680 nt
840 3631 951 3682 stultitia
973 3627 1216 3695 (quemadmodum
1239 3631 1318 3684 luxu·

226 3711 331 3766 libido,
365 3712 429 3775 quia
461 3713 565 3762 amieae
601 3717 750 3763 amatorem
790 3711 870 3761 riam·
884 3723 934 3774 per
958 3711 1176 3776 euphemianum
1200 3706 1316 3773 voeatt)

197 3819 200 3822 -
225 3794 389 3852 emungunt.
412 3816 441 3828 —
459 3805 583 3853 praeceps
600 3789 678 3855 oleo]
700 3793 751 3841 ain
790 3803 836 3840 eas
855 3803 911 3840 uon
934 3781 1080 3841 attenuat.»
1125 3791 1203 3854 Quod
1228 3791 1256 3840 in
1278 3791 1318 3840 di·
1347 3801 1355 3812 ⁴

227 3882 280 3933 qna
303 3870 455 3932 perieulum
475 3871 564 3930 inest«,
584 3883 618 3920 na
636 3883 691 3920 uno
713 3878 751 3921 ta·
789 3869 844 3922 vite
864 3869 975 3919 stultitia
993 3874 1034 3920 est
1054 3871 1088 3920 et'
1100 3871 1222 3930 vanitas,
1248 3869 1317 3920 illud

226 3948 316 3999 lorum
344 3950 415 3999 iaetu
449 3949 586 4010 ingentem
618 3945 763 4014 paountaa'
791 3948 819 3998 iu
834 3961 955 4012 paupera
969 3949 1098 4000 inrorest
1115 3962 1148 3999 ao
1166 3950 1316 4000 dementia.

227 4041 362 4080 summam
384 4027 529 4092 perdamus
551 4034 577 4079 ot
595 4029 702 4093 spoliati
722 4047 752 4082 ro
791 4025 875 4078 Gasn.
901 4052 927 4063 ·-
947 4025 1030 4090 Arta]
1047 4027 1162 4078 Ditiones
1177 4030 1246 4091 logis
1260 4034 1318 4078 uto·

227 4107 356 4158 familiari
388 4107 541 4170 decoquere
575 4109 750 4164 debeamus.»
790 4105 889 4156 bantur
911 4099 994 4169 largis
1015 4103 1065 4171 (tta
1089 4109 1169 4158 trium
1191 4109 1318 4158 ulnarum
