2888 4810
499 327 563 374 mn.
584 329 621 376 rr.
663 329 769 378 nerse.
788 331 825 378 n.
877 347 879 352 ·
1124 315 1203 382 titt

21 559 22 562 Ἴ
114 461 278 531 Gaudent
299 465 486 532 scribentes
507 470 542 532 et
563 485 601 533 se
623 471 834 534 venerentur
849 473 884 536 ei
905 471 1016 554 ultro,

113 581 155 651 Si
180 589 313 668 teneas,
334 585 474 652 leudem
495 587 652 673 quidquid
673 591 840 676 scripsere
862 592 965 658 beuti.-

113 705 166 770 At
191 709 246 793 qui
269 707 449 794 legitimum
470 711 584 794 cupiet
604 709 727 776 ieeisse
749 717 887 797 poema,
928 747 931 753 ·

114 822 199 893 Cum
223 826 346 893 tabulis
367 829 507 894 oninium
529 833 679 898 censoris
701 836 807 898 sumet
829 832 980 920 honesi13
1137 833 1202 914 ,tio

115 947 290 1030 Audebit,
313 929 530 1036 quaeeunque
551 967 666 1035 purum
688 953 878 1038 splendoris
897 953 1067 1026 habebunt

113 1067 161 1132 Et
184 1069 258 1134 sine
279 1068 438 1155 pondere·
451 1075 549 1136 erunt
570 1076 605 1138 et
626 1073 754 1140 honore
776 1055 914 1164 indigne
933 1077 1104 1164 ferentur,
1171 1085 1172 1090 ’

168 1243 192 1294 1.
229 1257 256 1296 v.
277 1219 543 1309 tinternensis
592 1266 594 1276 ·

113 1407 194 1460 super
219 1398 318 1448 erudeli
341 1399 434 1466 [pnes
460 1401 553 1466 utrqu,
593 1401 655 1468 utu¹
679 1393 948 1457 montemorentii,
963 1397 1044 1472 unice
1057 1399 1201 1463 praecepta

113 1475 241 1540 plerique
260 1477 375 1540 iungunt
394 1491 473 1540 super
492 1479 641 1542 erudelisu-
678 1474 802 1524 deusde
830 1474 980 1525 luminibus
1010 1477 1143 1526 sermonis
1168 1489 1201 1526 so

112 1567 193 1610 nere,
235 1560 307 1606 reete
341 1559 434 1606 eontra
464 1555 640 1620 Wagnerus:
679 1553 894 1615 detotogenero
913 1554 1030 1604 dicendi.
1067 1555 1200 1606 Nimirum

112 1633 164 1686 Nee
182 1633 314 1684 moritura
330 1647 418 1696 reaper.
678 1631 716 1683 de,
730 1631 877 1681 maioribus
891 1632 944 1680 iilis
963 1633 1020 1684 reri
1036 1635 1130 1696 po'etae
1148 1633 1201 1685 rir-

149 1711 303 1763 102108,
342 1711 462 1764 Gaudent
487 1712 639 1778 seribentes]
678 1709 778 1762 tutibus
802 1724 864 1760 oum
886 1711 1100 1762 versificatorem
1122 1713 1210 1763 turbu¹

114 1789 220 1840 Graeca
259 1793 480 1852 constructione,
513 1787 641 1858 ’ἥδονται
678 1798 1000 1852 a‘geresnperveeaneum
1015 1795 1098 1853 putat.
1125 1789 1200 1840 Adeo

113 1865 291 1939 γράφοντες.
306 1893 337 1905 -
356 1884 382 1919 se
400 1868 574 1934 uenerantur]
594 1884 639 1921 ose
678 1874 768 1919 autern
786 1869 906 1918 cumulat
921 1869 1111 1934 subtiliterque
1133 1883 1199 1919 enu-

113 1953 143 1996 ut
173 1947 287 2018 divinos·
306 1951 397 2011 politas
427 1949 573 2000 landant.»
607 1975 638 1986 -
678 1947 748 1996 olent
771 1952 914 2011 praecepta
932 1961 1002 2010 quae
1021 1949 1114 1998 dieunt
1136 1948 1199 2010 stili,

113 2023 638 2092 quidquidseripeerebeoti]Adnoslrum
677 2032 706 2076 ut
734 2027 778 2076 vel
804 2028 846 2076 bis
872 2029 1023 2079 medioeres
1050 2029 1142 2090 politus
1166 2027 1200 2076 ad

112 2118 220 2154 morem
235 2105 386 2168 distinguas
401 2120 463 2156 eum
481 2106 637 2156 Schmidio:
677 2106 896 2168 desperationem
910 2119 994 2170 prope
1007 2107 1122 2169 redigat.
1143 2102 1200 2168 (Lo-

113 2183 227 2232 laudent
235 2185 359 2246 quidquid
367 2185 541 2248 scripsere-
554 2185 623 2234 beati
630 2200 637 2244 ;
672 2185 795 2248 ›qitimum
814 2186 896 2247 igitur
918 2191 960 2236 est·
979 2187 1076 2248 poema
1099 2197 1200 2246 genere

114 2267 242 2329 «propter
262 2263 417 2326 idipsum,
438 2263 509 2326 quod
528 2264 639 2313 landant
677 2263 786 2311 dicendi
823 2264 888 2313 eriis
923 2263 1025 2326 regulis
1057 2263 1198 2313 consentu·

113 2341 343 2404 propriuseripta,
363 2337 637 2406 εὐδαίμονεςόντες*
677 2337 782 2403 neum.)
815 2365 846 2378 -·-
878 2343 946 2392 Cum*
972 2339 1082 2403 tubulis]
1115 2342 1199 2392 «Cum

114 2434 166 2470 neo
178 2434 243 2472 vero
260 2409 387 2472 construe
405 2433 466 2470 eum
484 2421 563 2470 aliis:
583 2422 639 2470 tou·
677 2422 796 2470 seribere
817 2421 931 2484 incipit,
952 2422 1033 2471 simul
1052 2433 1115 2470 aere
1132 2420 1202 2470 iudi·

113 2501 195 2560 dont,·
223 2501 349 2564 quidquid
374 2501 516 2561 eeripsere,
548 2501 637 2558 beeti;
677 2501 750 2549 cium
778 2512 905 2550 exercere
928 2501 1007 2550 debet
1029 2501 1063 2550 de
1085 2498 1199 2560 singulis

114 2577 352 2642 quoderpiioant:
375 2579 474 2628 ostium
488 2579 638 2628 malisear·
677 2593 759 2641 propo
793 2579 901 2638 verbis«,
945 2579 1042 2642 quibus
1072 2579 1198 2637 utilene

114 2657 234 2708 minibus
257 2659 413 2722 compositis
436 2659 528 2707 beatos
548 2671 578 2707 so
597 2671 638 2706 re·
677 2663 753 2720 grata
775 2659 978 2722 comparatione
997 2671 1058 2707 eum
1084 2669 1198 2707 censore

114 2739 244 2800 potaron
265 2749 317 2786 neo
338 2737 472 2800 deniqne:
494 2736 636 2796 «laudent,
676 2739 798 2797 bonerto,
818 2737 921 2798 idest,
950 2737 1090 2798 «integro,
1117 2749 1197 2785 sunm

115 2815 245 2878 quidquid
267 2827 330 2865 enm
358 2813 532 2865 beatitudinis
556 2827 637 2864 sensu
676 2817 723 2880 qni
745 2831 845 2868 munus
866 2831 897 2866 ea
920 2829 973 2880 qua
994 2829 1043 2879 par
1064 2820 1104 2866 est
1124 2828 1199 2866 seve·

115 2895 308 2958 seripserunt.»
340 2895 485 2956 Eleganter
508 2896 580 2945 bane
600 2893 638 2956 ip·
676 2899 754 2960 ritate
778 2898 961 2960 exsequitur.»
1021 2896 1092 2944 lliuo
1117 2895 1199 2944 etiem

114 2987 171 3024 sam
189 2975 350 3024 sententium
366 2973 497 3036 expressit
517 2973 637 3024 Catullus
676 2977 781 3026 tabulae
795 2981 822 3026 et
834 2982 958 3035 coruino,
979 2975 1007 3024 in
1023 2975 1120 3037 quibus
1134 2975 1199 3024 eori-

115 3053 159 3114 22,
180 3052 228 3103 it:
260 3048 410 3116 (Salienus)
435 3053 508 3101 Idem
525 3053 637 3114 infaceto
676 3056 783 3113 bimus,
815 3060 842 3104 et
859 3055 999 3104 censoriae.
1021 3075 1054 3088 ·-
1073 3049 1197 3114 Audebit]

115 3138 151 3183 etl
167 3133 306 3196 infacetior
323 3145 396 3193 rure,
414 3130 498 3181 Simul
515 3135 638 3192 poemata
676 3133 782 3182 ‹innotie
810 3145 826 3181 a
861 3145 890 3181 se
920 3131 1089 3193 impetrabit,
1128 3129 1198 3178 salso

116 3213 223 3276 attiqit,
242 3223 322 3275 neque
338 3211 407 3260 idem
423 3222 540 3273 unquam
552 3208 649 3274 Aeque¹
675 3213 778 3275 pudore
795 3224 850 3260 non
861 3209 1034 3274 impeditus.»
1058 3207 1113 3258 Cir.
1129 3209 1197 3271 lipp.

115 3295 152 3340 est
169 3289 259 3340 beetur
282 3304 313 3339 oe
333 3295 429 3353 poema
451 3301 508 3338 eum
526 3288 634 3337 enubit:
675 3291 707 3351 1,
735 3291 761 3350 2,
787 3291 831 3340 to.
858 3311 893 3326 -
920 3301 1018 3351 purum
1035 3285 1197 3350 splendoris]

116 3369 180 3418 Tum
197 3369 295 3434 pandet
317 3369 347 3418 iu
370 3382 395 3419 re
419 3374 523 3431 temque
539 3379 565 3417 te
582 3369 637 3431 ipse
675 3372 773 3421 «verbu
798 3369 912 3433 humilia
939 3381 971 3418 ee
996 3365 1134 3416 sordide.»
1165 3387 1197 3401 -

114 3449 238 3498 miratur.
674 3445 816 3510 habebunt]
836 3449 935 3497 Futura
961 3450 1070 3510 propter
1089 3455 1199 3508 praeee-

148 3527 295 3578 109-112.
309 3524 463 3590 loqitimum]
477 3525 569 3575 Stultis
583 3525 636 3576 illis
675 3532 741 3580 (iens
758 3527 864 3578 audebit
882 3527 968 3590 posita
987 3527 1064 3583 sunt,
1087 3525 1140 3573 hoe
1160 3521 1198 3572 vi-

114 3607 238 3657 laudibus
259 3610 434 3670 opponuntur
454 3617 548 3655 severa
571 3605 636 3658 ariis
675 3608 773 3660 delicet
794 3605 963 3668 significatu:
990 3617 1082 3667 oquae
1101 3614 1198 3666 parurn

114 3690 275 3750 praecepte,
304 3685 402 3750 quibus
419 3683 574 3736 satisfacere
592 3685 637 3734 de·
675 3685 827 3750 splendoris
841 3685 891 3748 ipsi
909 3684 1010 3734 hebere
1024 3682 1196 3741 videbuntur,

115 3767 156 3816 bet
178 3766 276 3829 podia,
309 3769 338 3814 nt
359 3777 426 3828 opus
451 3778 529 3814 suum
555 3763 638 3828 lepiti·
675 3767 770 3816 eodem
781 3765 901 3827 tempore
911 3762 1075 3813 amovebit.»
1095 3781 1126 3796 ·-
1145 3761 1200 3808 sine

114 3846 182 3894 mum
200 3841 297 3894 saltem
313 3857 412 3896 vocare
431 3845 545 3902 nudent,
570 3856 637 3892 nou·
671 3841 803 3907 pondere]
838 3843 992 3905 ‹tgravitate
1022 3841 1142 3892 enrentiu'
1170 3843 1199 3888 et

116 3925 177 3991 dum
195 3923 356 3986 pulchrum,
382 3925 504 3973 nondum
522 3922 637 3972 admira·
675 3925 796 3975 inania.»
833 3922 866 3972 Α.
884 3923 914 3973 Ρ.
935 3923 1001 3972 32⁰:
1021 3920 1124 3970 Fabula
1140 3917 1199 3966 uui·

116 4003 177 4053 bile.
217 4002 347 4068 Consulto
365 4003 439 4052 euim
458 4005 527 4052 tacet
546 4002 580 4051 de
598 4001 638 4050 in·
674 4001 724 4052 itus
736 4004 845 4058 veneris,
857 4004 911 4052 siue
921 4001 1038 4065 pondere
1049 4005 1074 4048 et
1086 4002 1153 4046 orte.
1165 4015 1196 4030 ·-

117 4081 211 4144 genio,
244 4071 287 4132 de'
301 4081 476 4142 inventione,
513 4082 546 4131 de
568 4080 637 4130 iusta
674 4081 770 4132 bonore
782 4080 902 4146 indique]
924 4081 1052 4142 «indigne
1065 4074 1196 4134 carmine,

117 4161 231 4224 partium
257 4161 472 4226 compositione,
512 4160 546 4210 de
579 4165 637 4210 erte
674 4160 745 4224 quod
769 4162 899 4224 plausum
918 4159 970 4211 sibi
994 4155 1139 4223 postulet.»
1165 4173 1197 4190 ·-
