2856 4782
178 333 179 338 ’
223 314 301 386 172
362 344 364 348 ·
584 333 725 380 uounru
745 331 946 378 sunrnsnuu
1022 311 1024 317 ‘

221 475 337 560 Atque
359 474 475 540 acidas
496 475 622 540 mavolt
644 473 764 536 inulas.
808 468 957 536 Necdum
980 467 1085 532 omnis
1106 467 1230 534 abacto

221 595 407 679 Pauperies
429 596 537 678 epulis
558 611 689 680 regum:
714 609 788 654 nom
811 590 935 656 vilibus
957 578 1031 654 ovis
1267 580 1307 642 45

87 757 95 768 ·
129 787 132 796 ¹
222 715 402 802 Nigrisque
425 716 477 777 est
499 713 583 776 oleis
604 711 703 776 hodie
726 712 829 776 locus.
871 708 971 776 Haud
994 710 1044 773 ita·
1062 705 1190 792 pridem

223 833 358 902 Galloni
381 834 559 916 praeconis
580 835 654 898 erat
675 834 873 915 acipensere
899 847 1013 893 mensa

223 955 372 1020 infamis.
420 945 535 1033 Quid?
571 955 650 1017 tunc
672 951 829 1015 rhombos
849 951 956 1014 minus
977 965 1125 1031 aequora
1146 937 1310 1014 alebant?

224 1073 332 1138 'lutus
354 1076 427 1137 erat
449 1073 607 1138 rhombus
628 1075 768 1155 tutoque
791 1071 921 1136 ciconio
942 1068 1040 1143 nido.
1093 1095 1096 1100 ·

205 1187 342 1258 ‘Donec
356 1176 428 1257 rvos
449 1196 569 1258 auctor
590 1190 704 1257 docuit
727 1193 927 1274 praetorius.
970 1189 1065 1276 Ergo
1269 1182 1312 1245 50

225 1309 264 1380 Si
287 1315 361 1398 quis
382 1331 471 1377 nune
493 1332 627 1401 mergos
649 1331 773 1376 suaves
796 1310 938 1404 edixerit
961 1327 1073 1390 assos,

279 1524 301 1574 l.
339 1539 366 1576 v.
385 1525 430 1574 ts.
459 1521 536 1586 tone]
568 1523 631 1574 bSc.
652 1529 707 1572 tum
724 1523 762 1574 Μ.
800 1521 870 1572 lbid.
891 1533 989 1584 aequor
1006 1519 1094 1570 abbat
1111 1519 1158 1572 bS.
1184 1514 1256 1582 (non
1272 1516 1311 1584 c.)

225 1610 252 1647 v.
272 1594 316 1644 51.
336 1596 425 1644 suavis
444 1608 467 1642 c.

266 1701 303 1750 ll.
341 1713 366 1752 v.
385 1699 430 1749 ts.
451 1706 506 1749 nam
523 1698 620 1750 LCTF.
657 1699 727 1748 ibid.
748 1710 847 1760 aequor
863 1697 951 1746 olebat
969 1695 1045 1746 LGT.
1103 1711 1106 1716 ·

253 1803 303 1855 111.
340 1819 367 1856 v.
387 1805 432 1854 ts.
453 1811 508 1854 tom

226 1997 387 2047 dleseben.
416 2025 448 2034 —
478 1995 580 2059 leutos]
619 1997 749 2054 ἑλένιον,
789 1997 861 2059 Mc
888 1997 1014 2053 Olbsblt,
1036 2009 1169 2060 opesopes,
1191 1994 1312 2045 Goltoot:

226 2073 337 2125 litant.
377 2077 457 2127 «Non
484 2077 556 2139 quod
585 2077 682 2125 acido
712 2083 751 2126 est
790 2092 815 2126 es
834 2079 910 2125 bomo
934 2078 1025 2136 miser,
1054 2077 1161 2138 ioquin
1193 2073 1316 2123 coenasti

227 2155 295 2204 haee
313 2155 412 2215 herba,
438 2156 485 2204 sed
507 2155 595 2218 quod,
625 2169 686 2203 oum
708 2170 752 2205 co·
789 2157 819 2204 tn
835 2157 893 2204 otto
910 2154 1135 2218 nonquombenc,
1154 2165 1213 2202 cum
1226 2153 1315 2200 osonio

228 2234 329 2298 quitur,
346 2235 583 2283 acetooondilurn»
594 2233 660 2285 Aen.
672 2234 752 2286 Amo·
789 2235 818 2282 tn
836 2235 888 2282 ista
908 2233 1041 2282 Consumis
1058 2233 1153 2296 squillo
1168 2220 1247 2295 etque
1264 2231 1316 2280 oci-

228 2326 273 2362 ras
291 2319 369 2364 vocat
389 2311 443 2361 Sat.
464 2313 490 2372 2,
511 2311 537 2371 8,
560 2312 604 2362 51.
746 2323 749 2330 ·
788 2325 893 2374 pensare
909 2325 965 2360 eom
982 2313 1134 2360 decumano.
1158 2335 1186 2344 —
1205 2321 1316 2372 praeeo·

262 2389 392 2440 45-49.
438 2387 593 2452 Paupertes]
630 2389 753 2452 «Quam-
789 2393 831 2440 nis
846 2387 919 2452 crat]
939 2391 1031 2440 erotvi
1046 2403 1175 2439 caesurae
1189 2389 1315 2437 ultimam

228 2481 310 2532 quam
332 2469 385 2518 eibi
407 2469 544 2518 naturales
569 2476 595 2518 et
615 2470 752 2531 simplices
791 2469 850 2532 syll.
865 2468 998 2531 producit.
1015 2491 1045 2502 -
1065 2464 1231 2528 tuto-nido]
1252 2467 1316 2528 quis

228 2560 285 2596 non
298 2559 410 2609 prorsus
424 2548 560 2597 removeri
574 2553 752 2610 potuerunta
791 2547 858 2610 pulli
884 2560 977 2595 esrum
999 2547 1122 2596 noudum
1139 2559 1189 2610 pro
1210 2545 1315 2594 deliciis

229 2625 343 2674 divitum
369 2625 473 2686 epulis:
504 2636 568 2673 nam
593 2626 651 2674 ovis
672 2629 753 2686 atque
791 2625 970 2673 habebantur.

228 2703 296 2752 oleis
310 2703 753 2767 etiamnunc-utunturcoenarum
826 2701 955 2751 50-52.
1001 2707 1094 2750 auctor
1115 2727 1125 2736 -
1144 2697 1315 2763 proetostus]

229 2779 336 2828 initio.»
376 2775 471 2840 (Oleae
496 2779 569 2826 enim
597 2779 650 2826 cibi
678 2780 753 2841 cupi·
791 2779 828 2828 lix
846 2778 1002 2829 Scholiastis
1016 2781 1086 2828 inter
1105 2793 1133 2829 se
1153 2777 1260 2828 collatis
1275 2777 1318 2828 ln·

229 2857 340 2906 dilatem
354 2857 478 2904 excitant.
506 2856 603 2920 thros
616 2861 705 2905 autem
719 2857 753 2905 ad
792 2862 922 2920 terpretes
941 2859 1066 2919 antiquos
1083 2858 1150 2907 haee
1172 2859 1318 2908 adnotasse

156 2979 158 2984 ,
230 2935 754 2984 condiendumcommendatColumella
792 2941 962 2998 compertum
989 2935 1140 2984 babemus:
1174 2934 1319 2984 «Asinium

230 3013 273 3073 12,
295 3012 330 3061 ts
350 3016 375 3061 et
396 3008 453 3074 tt.)
474 3013 508 3050 -ὲ
537 3013 618 3062 Haud
638 3015 679 3062 tto
696 3015 753 3076 prt-
792 3015 929 3077 quendam
946 3013 989 3064 vel
1007 3015 1198 3077 Sempronium
1216 3013 1319 3062 Rufum

229 3087 306 3152 dem]
343 3089 502 3140 «Praeterea
530 3093 617 3142 variat
646 3106 753 3155 semper
792 3089 873 3156 (uam
907 3091 1012 3140 Asinius
1039 3093 1206 3154 Sempronius
1237 3093 1320 3154 Rupes

228 3169 373 3217 lurconum
395 3169 428 3218 de
453 3169 520 3218 cibis
541 3171 664 3232 pretiosis
685 3163 763 3219 iudi·¹
793 3167 895 3232 [Contu.
907 3167 968 3230 Cu]
983 3183 1083 3219 nomen
1094 3169 1248 3218 Romanum
1261 3181 1319 3218 non

229 3247 317 3305 eium3
339 3245 663 3310 sleacipenser(Stbr)
682 3249 754 3309 opud
792 3253 862 3306 est:)
895 3250 1060 3311 praetorium
1091 3249 1255 3307 instituisse,
1290 3251 1320 3296 ut

228 3327 354 3388 antiquos
364 3327 477 3386 piscium
488 3326 662 3375 nobilissimus
671 3323 752 3388 (Plio.
792 3327 960 3376 ciconiarum
980 3325 1046 3388 pulli
1067 3326 1317 3375 manducarentur:

133 3455 135 3461 ,
229 3403 257 3462 9,
270 3399 327 3465 26.)
357 3403 411 3451 iam
437 3404 632 3464 contemnitur;
659 3408 753 3454 contra
791 3419 893 3468 quare,
915 3405 1050 3467 inquiunt,
1072 3403 1319 3470 euminpraetura

230 3481 352 3529 rhombus
371 3476 437 3542 (Sat.
460 3483 485 3540 1,
499 3483 525 3536 2,
541 3479 614 3544 110.)
634 3488 690 3530 tum
707 3494 754 3529 ne·
793 3475 919 3547 petenda
938 3483 1077 3544 repulsam
1107 3482 1225 3542 tulisset,
1265 3481 1319 3530 talc
1399 3513 1402 3520 -

231 3558 335 3619 gleelus
349 3571 422 3606 nunc
435 3559 601 3620 quaeritur.»
623 3584 653 3594 -
674 3561 754 3608 Haud
792 3562 961 3623 epigramma
997 3560 1113 3608 meruit:
1151 3560 1320 3608 Ciconiarum

230 3636 271 3684 lto
282 3633 400 3697 pridem]
422 3637 535 3685 «Lucilii
547 3644 683 3699 tempore,
704 3639 755 3686 cir·
793 3641 873 3702 Rosos
887 3640 935 3687 istc
952 3641 1073 3687 eonditor
1095 3639 1144 3687 llic
1164 3645 1202 3686 est
1219 3635 1320 3684 duobus

231 3713 300 3761 eiter
315 3717 377 3761 anto
395 3714 444 3764 hos
461 3715 566 3764 cxxii.
586 3728 700 3765 annos.»
723 3739 754 3749 -
792 3717 935 3779 elepanttor
964 3717 1087 3774 Plancls;
1126 3715 1321 3780 suffragiorum

233 3788 356 3851 Galloni]
389 3789 554 3842 «Gallonius
579 3805 676 3855 praeco
701 3793 755 3854 pri·
789 3801 890 3856 puncto
905 3809 959 3843 non
977 3796 1036 3843 tulit
1056 3801 1161 3855 septem.
1200 3793 1320 3842 Cleonic-

231 3879 292 3916 mus
305 3869 491 3930 acipenserem
505 3883 569 3919 suae
584 3873 696 3919 mensae
709 3883 755 3932 ap·
792 3885 851 3920 rum
876 3873 989 3934 populos
1016 3872 1087 3920 ultus
1115 3878 1152 3919 est
1177 3875 1318 3919 mortem.»

231 3947 336 4006 posuit,
357 3961 441 4009 quaro
462 3949 520 3996 eius
539 3947 617 3994 luxus
638 3947 720 3996 etiam
738 3962 753 3997 a
794 3943 1224 4012 (Anthouresumendum.)
1238 3945 1320 4007 Quod

231 4021 337 4071 Lucilio
369 4027 482 4072 taxatur.
491 4037 504 4066 n
550 4023 641 4073 Contu.
668 4015 752 4083 Gneo.
793 4027 815 4076 si
834 4041 863 4076 re
879 4040 942 4078 vera
962 4032 1104 4088 praeturae
1124 4026 1262 4088 repulsam
1279 4029 1322 4074 tu·

230 4099 619 4152 Lucilliversussorvavitcto.
630 4102 753 4152 cortun.
791 4104 840 4163 lit,
865 4104 928 4154 κατ’
947 4105 1098 4174 εἰρωνείαν
1110 4105 1263 4166 praetorius
1280 4102 1321 4158 di·
