2856 4782
490 303 557 352 m.
580 301 600 348 l·
643 303 717 350 SA'l'·
738 305 771 351 V·

103 439 299 506 Graecorum
320 439 424 529 longe
448 439 677 525 doctissimum
699 441 778 508 inde
799 443 921 512 Forum
942 439 1051 532 Appi,

98 560 266 625 Dillcrtunr
288 561 417 644 nentis,
439 563 647 645 cauponibus
667 565 769 648 atquc
791 565 955 655 malignis.

96 681 169 746 Hoc
190 682 254 744 iter
275 681 393 768 ignovi
414 678 603 769 divisimus,
625 685 727 750 ultius
747 703 788 755 oc
809 705 873 751 nos

146 882 167 932 l.
204 895 231 932 v.
251 881 279 932 ³.
299 882 403 946 bnpttoc
421 883 448 933 b.
473 879 541 947 (non
559 882 617 948 Sc.)

95 1047 169 1084 crum
202 1033 286 1084 huius
324 1033 429 1086 itineris
463 1036 616 1088 monimen·
652 1037 769 1100 tidiuui.
783 1051 837 1104 qua
856 1046 886 1093 ut
903 1041 997 1094 bearet
1011 1041 1173 1098 Graeculum

94 1118 149 1162 tum
159 1113 436 1163 communicaretur.»
456 1115 613 1168 llrrrnuoar.
652 1116 733 1167 iacile
750 1120 843 1182 utique
864 1122 899 1172 sb
917 1135 947 1172 se
964 1123 1109 1186 impetrare
1129 1139 1176 1188 po·

95 1191 161 1253 apud
183 1191 265 1242 Zrnr..
302 1191 370 1241 ltlihi
394 1191 473 1242 aliter
497 1193 613 1244 videtur.
653 1199 730 1246 terat.
766 1195 859 1248 Altera
875 1200 968 1261 lectio,
989 1215 1058 1265 quae
1075 1203 1176 1265 placuit

94 1269 211 1319 Primum
234 1270 309 1320 euim
334 1271 392 1334 ipre
412 1273 484 1322 banc
504 1273 615 1323 satiram
652 1273 812 1326 vitloisouio
824 1278 889 1339 t.l.,
910 1279 941 1330 G.
953 1280 1175 1344 lisymmnihil

22 1371 30 1390 ·
95 1348 161 1398 iuter
173 1349 294 1411 reliquas
306 1351 405 1409 edidit3
420 1351 615 1402 deindeomni·
653 1353 725 1402 eliud
745 1354 865 1416 prolecto
887 1357 1052 1418 signiticaret
1071 1360 1123 1409 nisi
1145 1360 1175 1410 il·

94 1427 140 1475 hus
158 1427 322 1483 lectoribus,
347 1429 375 1477 io
397 1428 492 1491 primis
515 1429 615 1492 iniquis
653 1431 709 1480 lom
722 1431 826 1483 Graece
842 1435 1053 1486 scientissimum
1074 1438 1173 1498 inisse3

94 1505 159 1564 suis,
180 1505 223 1557 rix
240 1506 339 1555 melius
361 1505 547 1557 demonstrare
569 1521 615 1569 po·
653 1523 724 1572 quae
737 1512 832 1573 exigue
846 1525 912 1562 rano
929 1513 988 1562 laus
1004 1515 1099 1566 luisset
1115 1517 1175 1568 rhe-

94 1582 153 1644 tuit,
180 1597 235 1646 qua
256 1584 442 1635 familiaritate
460 1599 521 1634 teum
542 1585 615 1636 blae-
652 1589 718 1639 toris
736 1589 842 1642 Gracci.
863 1615 894 1628 -
913 1591 1011 1642 Forum
1026 1591 1109 1658 Appi]
1129 1609 1176 1658 op-

93 1662 387 1728 ccnatoconiuootus,
416 1676 498 1726 quom
522 1667 614 1714 tamon
653 1668 746 1730 pidum
767 1669 801 1717 ab
823 1667 911 1732 Appio
932 1669 1046 1721 Claudio
1070 1672 1173 1734 Caeco,

93 1731 197 1789 alienus
221 1741 256 1788 ab
282 1740 437 1792 adulatione
464 1744 614 1807 ceterisque
653 1747 901 1811 quiriarnhppiam
914 1750 1022 1807 muniit,
1036 1750 1075 1800 sic
1088 1753 1176 1802 nomi·

93 1819 272 1880 parasitorum
289 1820 391 1868 artibus
407 1819 502 1880 inerit,
521 1834 615 1884 quam·
653 1829 762 1886 natum,
782 1826 841 1876 XX.
856 1826 893 1878 bl.
907 1827 937 1876 P.
952 1829 1054 1878 distans
1067 1831 1101 1878 ub
1116 1829 1176 1880 Ari-

93 1909 141 1957 que
160 1897 329 1959 prudenter,
350 1911 411 1948 cum
424 1899 519 1948 litteris
534 1904 560 1950 et
576 1900 615 1951 vi·
653 1904 704 1952 cis.
717 1929 745 1940 -
761 1904 900 1970 Diffsrtom
913 1905 1017 1969 noctis]
1038 1907 1133 1958 Strabo
1146 1909 1173 1970 5,

92 1979 132 2023 tae
144 1975 310 2037 tranquillae
328 1977 409 2026 unico
426 1977 560 2037 studeret,
580 1979 614 2026 ab
651 1981 825 2046 θείίλησίον
838 1979 1175 2057 τῆςΤαῤῥακινῆςβαδί-

93 2065 122 2102 eo
141 2054 323 2114 abstinuerit,
356 2058 386 2104 ut
405 2069 435 2104 se
457 2056 514 2105 ullo
533 2058 614 2106 modo
652 2062 731 2121 ζοντι
745 2054 1175 2132 ἐπὶτῆςῬώμηςπαραβέβλη-

92 2131 225 2193 ingereret
244 2133 272 2180 in
292 2133 401 2194 negotis
419 2134 523 2194 civilia,
544 2147 614 2198 quae
652 2151 701 2186 ται
713 2135 748 2208 τῇ
762 2132 820 2204 ὁδῷ
833 2135 870 2207 τῇ
890 2131 1103 2211 Ἇπαίᾳίιώρυξ
1117 2139 1177 2203 (per

92 2223 148 2258 oum
177 2211 299 2260 maxime
330 2213 514 2262 tractabuntur
545 2214 615 2263 inter
653 2215 765 2276 potuum
786 2212 954 2280 Pomptinas)
975 2216 1021 2268 ἐπὶ
1047 2215 1177 2282 πολλοὺς

91 2287 268 2339 Octavianum
287 2293 314 2338 et
331 2289 490 2339 Antonium.
652 2289 763 2354 τόπους
779 2293 968 2365 πληρουμένη
989 2300 1051 2357 τοῖς
1073 2294 1177 2359 ἑλείοις

120 2367 209 2417 1-4.
257 2365 362 2429 Arida]
394 2369 523 2431 oppidum
545 2369 613 2418 Latii
652 2385 683 2419 τε
711 2370 762 2419 καὶ
791 2377 853 2433 τοῖς
881 2372 1039 2434 ποταμίοις
1068 2367 1175 2423 ὑ’δασι’

90 2457 155 2506 pone
166 2449 292 2494 montem
304 2446 441 2496 Albanum
451 2447 522 2497 xvi.
534 2449 572 2500 Μ.
582 2447 613 2495 Ρ.
652 2445 764 2496 nistros
780 2444 810 2496 δὲ
819 2446 948 2510 μάλιστα
961 2445 1089 2519 νύκτωρ,
1108 2443 1177 2500 ὥστ’

90 2524 212 2574 ulioma
238 2524 356 2584 distans,
386 2531 481 2574 notum
504 2533 614 2590 propter
652 2519 801 2588 ἐμβάντας
819 2517 867 2587 ἐφ’
886 2523 1012 2594 ἑσπέρας
1028 2524 1177 2587 ἐκβαίνειν

89 2601 202 2651 Dianam
230 2601 428 2652 Nemorensem
453 2617 485 2652 sc
512 2605 614 2654 iontem
653 2600 765 2670 πρωίας
784 2603 836 2652 καί
856 2592 985 2664 βαδίζειν
1012 2599 1046 2652 τὸ
1072 2599 1177 2652 λοιπὸν

89 2678 211 2742 Egeriae.
252 2679 313 2729 run
334 2681 368 2730 etl
391 2683 462 2732 viem
483 2681 613 2746 Appium,
653 2678 689 2751 τῇ
705 2677 813 2751 ὀδῴτῇ
824 2674 938 2748 Ἀππίᾳ·
958 2674 1032 2729 ἀλλὰ
1049 2678 1177 2746 torpeat

88 2771 135 2820 qua
153 2758 289 2808 Horatius
308 2759 358 2808 iter
368 2759 430 2810 iecit
443 2766 516 2810 certe
529 2774 614 2825 osque
653 2753 981 2830 ἡμέρανριμουλκείται
988 2756 1022 2808 δι’
1031 2752 1175 2823 ἡμιόνων.

87 2837 117 2884 ud
128 2837 334 2888 Beneventum.
363 2835 419 2887 Gir.
433 2839 466 2887 sd
479 2840 561 2891 v.71.
583 2865 614 2877 -
653 2836 794 2899 caupones
817 2837 928 2900 moltpnt
951 2842 1083 2887 vocantur
1103 2836 1131 2885 h.
1153 2837 1175 2886 l.

87 2915 210 2977 Hospitio
229 2912 350 2978 modico]
378 2917 489 2978 exiguo,
520 2930 613 2980 perro.
653 2920 681 2964 ut
695 2915 790 2979 putot
814 2914 869 2964 snt.
884 2915 909 2974 1,
924 2914 1012 2974 mit:
1040 2926 1104 2964 num
1119 2927 1176 2964 mo·

87 2991 270 3055 opponuntur
290 2995 359 3043 haec
375 3007 487 3058 mopsos
507 2997 614 3046 limum.
653 2993 738 3056 ίίρανι
754 2993 861 3054 proprie
881 2994 1032 3042 contrarios
1049 2998 1091 3042 est
1107 2993 1177 3043 beni·

89 3067 307 3132 -uetrmormt
327 3072 418 3121 rhetor
429 3073 547 3136 ignotus,
561 3075 615 3124 nisi
652 3086 704 3136 pno
717 3071 904 3135 significetque
920 3086 1001 3134 eom,
1021 3074 1067 3136 qut
1084 3073 1175 3122 minus

89 3149 154 3211 qood
168 3149 351 3200 Villoisonius
360 3149 468 3214 Proleg.
479 3153 514 3202 sd
523 3152 613 3215 Apoll.
654 3152 724 3200 insto
739 3151 817 3201 elteri
831 3152 938 3211 tribuit,
957 3152 982 3200 id
1001 3153 1073 3214 quod
1085 3151 1176 3200 iacere

87 3225 143 3278 her.
166 3243 197 3291 p.
212 3227 311 3277 XXlV.
332 3231 451 3280 etliothe
463 3231 615 3294 suspicetur
654 3229 741 3278 solent
754 3239 891 3292 caupones
908 3230 982 3278 omni
999 3229 1080 3280 modo
1092 3230 1177 3280 viato-

86 3307 204 3356 eundem
217 3305 334 3356 sortasse
348 3321 408 3357 esse
425 3311 506 3372 atque
525 3310 613 3371 illum,
653 3321 696 3357 rer
716 3307 892 3370 decipiendo.
917 3308 971 3359 vite
991 3308 1086 3359 vinum
1112 3320 1175 3355 caro

87 3385 158 3435 cuins
184 3390 299 3447 praeter
318 3386 494 3448 Apollonium
515 3393 542 3437 ot
562 3389 615 3439 lle·
653 3387 738 3450 pretio
751 3387 909 3442 vendendo,
930 3397 1016 3446 genus
1032 3383 1176 3433 hominum

86 3463 279 3524 pheestiouem
291 3464 394 3514 illarius
411 3465 565 3516 Victorinus
586 3481 613 3532 p.
653 3464 739 3512 nihilo
759 3467 816 3512 tum
837 3461 1000 3513 honestioris
1018 3462 1073 3511 loci
1094 3475 1176 3525 quem

86 3541 161 3593 2541.
186 3542 220 3591 Ρ.
235 3543 279 3592 his
300 3544 390 3594 verbis
412 3546 550 3596 meminit:
581 3545 617 3596 At
653 3543 777 3591 lenones.

86 3620 148 3670 loto
176 3627 290 3676 noster,
322 3623 367 3684 qut
396 3623 466 3672 inter·
496 3626 616 3674 mentem
688 3619 779 3670 5-8.
816 3619 874 3669 Hoc
889 3614 957 3681 tter]
989 3618 1040 3670 oid
1059 3622 1113 3679 est,
1142 3620 1177 3668 ab

86 3700 276 3748 auctoritatem
280 3700 545 3760 primoeemdittoots
551 3703 616 3752 obti-
653 3699 724 3749 Urbe
736 3711 823 3763 usque
835 3699 869 3748 au
882 3699 982 3748 Forum
1000 3695 1081 3760 Appii
1093 3698 1177 3748 biduo

85 3778 158 3837 orat,
179 3777 307 3826 ι’νιιίααα
328 3776 467 3828 Heliodori
485 3781 614 3844 osrttptts,
653 3778 793 3839 venimus,
814 3789 876 3826 com
892 3775 1041 3828 velociores
1058 3789 1116 3836 pno
1134 3776 1178 3826 dle

86 3855 214 3915 paitnter
227 3853 341 3906 Graecos
350 3855 451 3908 luimus
464 3858 616 3908 orthontt-
654 3857 761 3906 soleant
772 3869 805 3906 eo
823 3857 944 3908 uenirem
971 3853 1078 3906 Acron.
1105 3853 1177 3905 Malo

86 3937 131 3980 stu
159 3937 212 3982 out
235 3934 344 3995 primos
363 3940 412 3985 out
427 3936 498 3984 solos
516 3941 563 3986 est.
584 3961 615 3973 -
653 3936 707 3985 Fea
723 3935 914 3997 interpretatur
927 3932 960 3982 tle
972 3937 1060 3982 tractu
1072 3931 1106 3981 ab
1118 3930 1178 3981 Ari·

88 4006 248 4061 Graecorum
268 4011 346 4076 lonpe
364 4010 544 4078 doctissimos]
568 4012 616 4065 Co·
654 4012 697 4063 cis
710 4013 744 4062 etl
758 4012 945 4062 Tarracinam.
959 4033 991 4046 -
1010 4008 1091 4061 attico
1100 4019 1178 4070 proc-

88 4089 135 4137 mir
159 4093 203 4140 est
225 4089 379 4155 hyperbole
400 4091 534 4145 sermonis
551 4105 617 4156 quo·
654 4086 767 4153 otonis]
788 4087 1034 4159 teotovorlpotc·
1062 4085 1176 4137 ῡθίθῐῑῦῠ
