2928 4794
520 399 586 444 rna.
608 397 643 444 rr.
685 399 759 444 nnn.
782 399 840 444 vn.
1140 373 1227 444 279*

139 537 244 621 Quem
256 556 366 623 neque
378 539 555 622 pa'uperies
568 556 676 622 neque
688 557 776 602 mors
787 555 896 622 neque
906 536 1041 602 vinculo
1054 521 1201 618 terrent,

138 660 357 744 Responsnre
379 657 604 746 cupidinibuS‚
626 662 840 724 contemnere
863 656 1009 722 honores
1179 649 1219 714 8⁵

137 781 267 868 Fortis,
290 782 325 844 et
346 781 380 843 in
401 797 439 844 se
460 781 533 863 ipso
556 782 666 860 totus,
688 783 779 844 teres
800 781 902 863 etque
924 775 1107 859 rotundus,

137 901 284 966 Externi
304 919 347 965 ne
373 899 450 984 quid
470 901 585 965 volent
608 899 767 984 perleve
789 901 931 977 morari,

141 1025 185 1088 In
206 1039 302 1106 quem
324 1038 439 1086 manoe
460 1023 527 1084 ruit
549 1037 680 1104 semper
701 1019 847 1083 fortune.
889 1017 1038 1084 Potesne

142 1143 198 1207 Ex
220 1142 273 1206 his
294 1144 331 1207 ut
352 1143 520 1226 proprium
544 1139 620 1224 quid
643 1131 811 1205 noscere?
838 1137 990 1223 Quinque
1012 1138 1141 1204 talentu

84 1317 87 1322 .
141 1262 260 1329 Poscit
282 1265 316 1326 te
338 1262 471 1347 mulier,
494 1264 598 1326 vexet
620 1260 815 1344 foribusque
837 1260 1005 1343 repulsum
1141 1250 1145 1255 ’
1182 1252 1223 1315 90

141 1383 322 1449 Perfundit
343 1381 473 1470 gelide,
495 1401 610 1448 rursus
631 1378 754 1467 voont3
777 1381 869 1466 eripe
891 1380 980 1458 turpi

196 1653 220 1703 1.
258 1668 285 1706 v.
305 1651 350 1702 86.
370 1657 439 1701 toton
458 1658 524 1702 terea
542 1652 579 1703 Μ.

174 1774 225 1823 111.
263 1788 290 1825 v.
310 1773 355 1822 Sl.
374 1787 420 1822 neo
436 1772 541 1822 vinculo

144 2027 249 2074 τες.-
266 2005 385 2074 lipnom]
406 2005 667 2070 (Marionetten)
707 2000 927 2070 Ἑμπεδόκλειος
961 2003 1094 2072 Σφαῖρος
1128 1999 1231 2052 noxio·

146 2085 669 2160 ανευρόσπαστοο,εοίῐοιιΙοῐοῐοοΙί-
708 2080 792 2153 ιερὴς
819 2080 884 2154 δίνῃ
915 2081 1050 2150 αεριηγέῖ
1079 2080 1173 2144 γαίων
1196 2103 1229 2113 --

145 2181 201 2232 quo
214 2165 331 2216 fidiculis
342 2166 370 2214 in
380 2165 451 2215 hane
464 2165 506 2216 vel
521 2164 596 2212 illam
610 2177 670 2226 per·
706 2157 821 2232 δυνήσῃ
837 2183 864 2196 -
884 2154 1061 2228 ,ἀταράκιως
1080 2155 1129 2205 καὶ
1147 2149 1230 2220 εὐγε-

145 2252 202 2297 tem
222 2250 354 2300 tracium,
380 2245 501 2306 utqoasi
515 2243 669 2305 gesticulari
708 2237 765 2301 νὼς
784 2239 833 2287 καὶ
861 2236 942 2298 ἵλεως
969 2235 1007 2303 τῷ
1034 2231 1148 2286 σαυτοῦ
1170 2232 1231 2282 eat·

145 2327 298 2379 videntur.»
336 2323 507 2386 Comparatio
529 2323 597 2371 haee
618 2325 670 2370 tra·
708 2332 778 2382 μονι
797 2311 964 2375 ὀιαβιῶναι.
1003 2311 1143 2362 Contraria
1162 2311 1232 2359 ima-

147 2405 239 2455 latieia
259 2408 318 2452 erat
340 2403 368 2451 in
389 2402 540 2451 Stoicorum
559 2398 669 2449 oelrolls.
709 2395 772 2458 gine
792 2393 944 2442 Simonides
958 2405 1022 2440 usus
1036 2395 1104 2440 erat.
1134 2387 1228 2452 (Arist.

146 2479 454 2548 M.Antonin.1tl‚38.
476 2479 672 2540 —m'btimpe-
710 2475 787 2523 linei.
810 2472 836 2532 3,
859 2466 927 2532 11ι)
955 2464 1021 2519 οἷον
1041 2466 1094 2519 τὸν
1114 2461 1232 2532 ἀγαθὸν

147 2558 243 2623 motus]
264 2554 375 2630 ἅρχων,
394 2554 671 2628 ἐγκραιὴςὲαυτοῦ,
710 2545 804 2622 ἄνδρα
832 2546 927 2612 φάναι
956 2543 1032 2597 εἶναι
1061 2541 1233 2614 τετράγω-

148 2653 202 2704 qua
217 2639 302 2701 gemit.
322 2637 524 2686 constructione
544 2647 610 2683 unus
632 2639 671 2682 est
711 2646 791 2691 νον,
808 2621 982 2696 μεταφοραί·
1003 2618 1096 2689 ἄμφω
1116 2619 1173 2692 γὰρ
1190 2619 1233 2670 τέ-

147 2719 220 2768 Plin.
241 2716 285 2776 at,
304 2716 339 2764 ⁸:
368 2714 483 2763 Tiberius
496 2738 507 2748 ·
518 2713 672 2774 imperiosos
711 2709 789 2759 leta:
810 2719 879 2769 quae
896 2705 986 2766 imago
1000 2716 1047 2766 per
1059 2699 1233 2750 Aristotelem

105 2849 109 2852 ,
148 2791 673 2854 sot.0o.3,29,tl.potoosot.-ne
712 2786 745 2835 ad
759 2787 873 2834 Dantem
887 2782 1012 2834 devenit:
1031 2781 1234 2842 Bentetropono

148 2869 291 2938 sponsore]
311 2867 457 2930 trohen,
479 2869 673 2931 «cupiditatum
713 2867 740 2914 οι·
753 2865 820 2928 oolpt
837 2865 865 2912 dl
877 2869 998 2912 ventura.
1036 2860 1093 2908 lam
1112 2858 1157 2906 alii
1175 2857 1234 2906 iun·

149 2953 294 3004 illecebras
307 2950 475 3014 aspernari.»
491 2972 522 2983 -
537 2949 567 2996 tn
578 2959 603 2996 re
615 2949 673 3009 tpno
714 2949 780 3005 gunt
799 2943 827 2990 in
842 2955 868 2991 ne
888 2943 945 3002 ipso
967 2945 1038 2989 totus
1059 2944 1139 2995 ternu
1163 2933 1234 2998 quod

150 3027 233 3093 totns]
247 3030 367 3080 «nullius
380 3029 515 3090 indigene,
526 3027 572 3088 qui
582 3025 672 3074 omnia
714 3023 804 3072 minos
814 3024 907 3083 aptum
918 3019 1037 3068 videtur:
1053 3013 1139 3076 «Quid
1149 3014 1233 3072 enim,

151 3124 200 3161 oua
219 3111 247 3159 ln
265 3123 294 3159 se
308 3108 443 3172 reposuit,
464 3106 555 3157 omnia
576 3114 623 3153 sua
645 3103 673 3151 ln
715 3101 821 3160 amabo,
842 3103 883 3147 est
896 3102 965 3146 toton
977 3094 1123 3144 rotroldus.-
1142 3091 1235 3153 utique

152 3189 323 3251 recollegit,
344 3187 411 3236 nihil
430 3190 503 3234 extra
518 3197 551 3250 *ee
570 3183 611 3232 sui
629 3195 675 3244 po·
715 3181 761 3244 qui
780 3176 939 3239 simpliciter
960 3171 1091 3222 rotundus
1112 3174 1165 3224 eet,
1197 3173 1236 3216 to-

152 3269 228 3319 nitzn
248 3272 279 3316 nt
296 3266 410 3316 diversis
427 3264 495 3313 loeis
511 3264 547 3312 ait
561 3261 674 3311 Seneca.
715 3265 757 3309 tus
776 3257 809 3305 sit
821 3253 952 3304 rotundus
965 3261 1077 3299 neeesse
1088 3252 1138 3296 est.
1165 3243 1236 3306 Quin

151 3347 209 3398 Cio.
223 3345 321 3394 Parati.
336 3345 367 3392 2:
387 3343 445 3392 Non
454 3347 540 3404 potent
552 3353 606 3406 non
619 3339 676 3387 beo·
716 3342 806 3386 autom
826 3331 954 3380 rotundos
970 3329 999 3376 in
1015 3339 1040 3376 ro
1059 3325 1141 3388 tpaoi
1159 3321 1236 3386 quael

152 3425 268 3475 tonnus
292 3433 358 3478 eme,
386 3422 431 3484 put
452 3425 522 3468 totus
542 3423 620 3479 optus
640 3421 677 3464 ent
716 3414 814 3477 aliquis
827 3416 904 3460 entre
919 3421 944 3456 ae
960 3405 1092 3456 rotundus
1105 3414 1164 3451 esse
1177 3413 1237 3462 pos-

154 3517 186 3554 eo·-
212 3516 281 3561 aere,
310 3503 355 3564 poi
381 3501 410 3549 tn
436 3511 461 3547 ιο
485 3511 537 3545 ono
559 3509 608 3546 auo
629 3506 677 3556 po·
717 3493 779 3542 sit.»
805 3491 910 3539 Bnnru.
936 3485 1049 3536 Nostrae
1071 3478 1237 3530 distinctioni

153 3583 206 3632 mit
224 3573 375 3630 omnio.'‘-
398 3583 463 3626 teron
485 3581 562 3637 etque
586 3579 678 3622 rotun·
717 3571 789 3622 lavet
810 3569 892 3618 etiam
912 3563 1048 3614 Ausonius
1072 3561 1111 3609 ld·
1137 3557 1180 3617 16,
1203 3557 1236 3607 52

155 3657 220 3723 dm]
241 3659 344 3708 Globus
364 3653 558 3718 perfectissime
573 3655 613 3700 est
625 3650 678 3700 lor·
718 3650 827 3711 Sapiens
838 3673 849 3683 ·
862 3670 873 3680 ·
886 3644 1008 3696 Securus,
1038 3637 1130 3688 mnndi
1151 3637 1239 3684 tortor

155 3752 199 3790 mn
214 3753 247 3789 ex
262 3737 436 3800 antiquorum
450 3731 582 3782 sententia
597 3727 676 3792 (Plat.
718 3728 827 3781 habena,
856 3729 921 3772 terea
945 3727 1022 3783 atque
1047 3715 1185 3765 rotondus.
1208 3737 1235 3749 -

155 3817 226 3868 Tim.
250 3831 277 3879 p.
296 3815 340 3865 33.
355 3810 414 3877 B.);
435 3824 505 3875 quae
528 3823 590 3858 cum
610 3807 678 3857 levio
717 3799 829 3864 moneo]
859 3799 954 3863 «qrrasi
975 3796 1099 3846 manibus
1125 3789 1238 3849 debilis,

157 3895 324 3958 oitnullique
337 3893 366 3942 in
379 3877 515 3951 eaauguli
528 3887 677 3944 emineant,
719 3885 755 3932 ita
774 3887 803 3931 ut
827 3881 957 3943 impetum
981 3875 1009 3924 in
1030 3873 1181 3935 sapientem
1202 3867 1240 3916 l’a·

157 3975 226 4024 nihil
248 3973 319 4037 quod
343 3971 509 4021 extrinsecus
531 3966 677 4028 impingat,
719 3974 781 4012 cere
801 3962 945 4022 nequeat.»

157 4051 185 4104 ln
199 4053 350 4104 eamorort
366 4043 501 4112 (haerere)
518 4057 612 4096 eamve
625 4043 681 4091 lae·
754 4036 879 4089 oo-ea.
915 4037 946 4082 ot
966 4022 1118 4093 proprium]
1147 4019 1240 4084 «quod

158 4132 221 4182 lere
251 4135 349 4194 polest.
386 4128 425 4178 M.
443 4125 545 4176 Anton.
572 4123 622 4182 12,
648 4121 679 4170 ³2
721 4115 841 4169 veretibi
854 4107 1096 4172 tribuerepoeeiam
1112 4126 1144 4139 -
1162 4097 1242 4160 outn-

159 4207 211 4260 ἐὰν
239 4209 368 4280 ποιήσῃς
397 4191 542 4263 σεαυτὸν,
574 4195 638 4262 οῑος
663 4193 680 4248 ὁ
720 4187 891 4260 quatetentn]
912 4198 977 4250 npro
991 4181 1130 4234 levissima
1149 4174 1242 4236 volup·
