2928 4794
229 247 309 316 ula
571 272 708 316 noanon
733 274 972 319 norsronsnun

146 467 149 470 .
232 407 319 490 Quid
343 402 497 492 pauper?
519 409 620 472 liitle:
643 413 747 474 mutat
771 414 974 495 coenacula,
995 415 1119 496 lectos,

227 529 370 612 Balnea,
393 538 563 612 tonsores,
585 529 752 596 conducto
775 536 912 618 navigio
934 553 1039 618 aeque

222 651 376 714 [Nauseat
400 669 440 715 ac
463 651 628 736 locuples,
650 671 744 736 quem
769 652 860 718 (lucit
885 657 980 738 priva
1003 657 1156 721 triremis.

228 767 266 836 Si
290 774 425 836 curatus
448 771 613 854 inaequali
637 775 774 836 tonsore
797 776 939 858 capillos

272 1031 307 1079 11.
345 1045 369 1084 v.
390 1031 433 1079 cl.
455 1036 574 1078 careotas
592 1027 667 1078 LCT.

258 1137 307 1185 iil.
347 1151 372 1186 v.
392 1137 436 1186 91.
456 1137 533 1184 viden
550 1143 578 1184 ut
597 1143 683 1185 mutat
703 1150 718 1187 c
737 1137 808 1186 coni.

227 1321 328 1377 rca‘c
352 1326 406 1390 μὲν
426 1319 615 1397 Πρωτεύςὲῂ
633 1327 749 1397 μορφῇ,
789 1327 853 1376 tiam
881 1341 957 1376 suam
987 1330 1126 1392 patefacit,
1155 1335 1226 1396 qnod
1255 1335 1315 1385 siue
1397 1329 1402 1338 ’
1454 1401 1455 1410 ¹

228 1400 245 1456 ὁ
269 1403 298 1454 δὲ
324 1399 501 1464 ἀπαίδευτος
523 1402 558 1474 τῇ
578 1403 664 1476 ψυχῇ
691 1401 751 1474 παρ’
790 1406 888 1455 idonea
902 1421 983 1456 causa
998 1411 1078 1459 modo
1093 1411 1143 1467 iris.
1165 1414 1314 1462 modoillis

227 1481 355 1534 ἕκαστον
374 1479 556 1532 ἀλλοιοῦται.
790 1485 875 1534 ulitur
893 1486 997 1536 balneis
1019 1491 1134 1550 publicis
1157 1503 1188 1539 ae
1207 1493 1315 1541 tonstri-

790 1563 861 1613 nis.»
877 1589 907 1600 -
922 1567 1048 1616 conducto
1060 1567 1177 1631 accipio]
1193 1570 1314 1619 «Navem

261 1649 386 1700 91-93,
425 1643 618 1710 Qnidpanper]
648 1645 750 1709 «Quid,
790 1643 926 1693 interdum
940 1646 1076 1701 conducit,
1091 1647 1249 1714 locupletes,
1267 1649 1314 1712 qui

141 1787 144 1794 Χ
227 1731 297 1792 quod
326 1728 369 1778 vel
398 1740 530 1790 pauperes
558 1727 630 1778 hand
661 1727 751 1775 minus
790 1723 1028 1784 promissionem,
1040 1725 1315 1776 ineosaltemaemu-

228 1810 411 1858 inconstantes
443 1811 504 1854 sunl
535 1805 563 1854 in
594 1810 650 1854 tolo
680 1805 751 1856 uitae
790 1799 903 1862 laturus,
924 1803 1028 1865 utipse
1047 1806 1200 1868 quoqueiu
1222 1806 1314 1855 locum

226 1892 331 1944 tenore,
346 1898 428 1946 quam
438 1883 624 1945 locupletesln
639 1909 670 1918 -
682 1877 750 1944 ride]
789 1880 908 1943 aliquem
931 1894 1092 1942 amoenum,
1120 1884 1202 1933 veluti
1221 1885 1312 1944 Baias,

226 1965 313 2014 Prava
333 1965 383 2011 ista
406 1963 597 2025 pauperiorum
622 1961 751 2011 sedulitas
789 1959 912 2013 vehatur,
924 1973 986 2008 oum
997 1973 1029 2009 eo
1039 1967 1129 2010 tamen
1140 1963 1314 2012 incommodo

226 2043 255 2092 in
270 2041 400 2091 mutando
417 2055 525 2104 semper
539 2041 608 2090 victu
622 2041 751 2103 cultuque
789 2041 818 2084 ul
835 2049 921 2098 acque
942 2043 1022 2104 atquc
1045 2039 1083 2087 illl
1104 2048 1224 2100 calceet,
1253 2054 1315 2102 pro·

226 2135 282 2171 non
306 2121 366 2169 sine
385 2120 493 2182 propria
512 2119 635 2168 molestia
661 2119 752 2168 olabo·
790 2115 847 2177 pria
867 2115 1075 2176 significatione,
1096 2117 1235 2186 ναυτιᾴν,
1254 2132 1315 2168 sec·

227 2201 364 2254 ranlinm,
394 2212 456 2246 cnm
477 2199 612 2248 advitam
635 2198 752 2247 toleran-
789 2193 894 2242 lrronk
918 2196 996 2243 sein.
1041 2196 1073 2244 In
1097 2197 1170 2246 huuc
1192 2198 1314 2259 corporis

227 2281 289 2328 dam
303 2279 384 2339 longe
404 2277 458 2326 alia
471 2277 502 2326 iis
520 2279 626 2339 agenda
650 2284 749 2340 essent,
789 2272 924 2333 ingreium
958 2273 1083 2324 allectum
1118 2277 1170 2324 erit
1204 2277 1314 2325 taudem

226 2357 341 2406 ridicula
361 2362 389 2404 nl
410 2361 625 2424 consentaneum
642 2363 691 2414 est,
714 2358 751 2405 vi·
790 2351 896 2414 utrique
915 2359 1020 2414 sperata
1039 2355 1142 2404 itineris
1160 2356 1312 2418 voluptas.»

227 2437 285 2485 (leri
314 2437 394 2485 debet
419 2435 546 2484 divitibus
574 2436 654 2484 etlam
685 2435 749 2494 illis,
788 2431 849 2480 Noli
875 2437 965 2480 antem
993 2441 1102 2496 propter
1126 2435 1218 2484 neseio
1245 2447 1314 2497 quas

227 2515 273 2579 qni
285 2516 417 2576 pecuniae
431 2527 496 2562 suae
510 2513 750 2575 illudentesaeque
788 2510 899 2574 delicias
931 2527 956 2561 v.
988 2521 1097 2562 nauseat
1125 2515 1204 2564 aliter
1231 2529 1313 2578 qnam

226 2595 413 2643 inconstanter
439 2594 543 2642 vivunt.
582 2593 627 2641 list
653 2593 748 2654 igitur:
789 2590 896 2651 proprie
920 2591 1105 2654 interpretari,
1143 2601 1171 2642 ut
1198 2599 1313 2642 tantum-

226 2673 276 2722 «Et
291 2679 333 2732 tu,
361 2672 521 2730 Maecenas,
547 2672 749 2734 etquicunque
789 2668 1032 2730 modoslgnllieet:
1049 2672 1174 2730 ninstidi,
1191 2671 1313 2735 ipsesibi

226 2752 295 2801 haec
312 2751 393 2810 leget.
408 2750 499 2808 habet,
515 2763 563 2798 cur
577 2751 682 2798 rideat»
697 2754 748 2797 eet.
788 2746 939 2808 displicet.»
953 2774 985 2783 -
994 2747 1083 2811 privo]
1099 2751 1163 2798 «orn
1173 2751 1312 2814 propria.»

225 2828 385 2877 Bentleiano
407 2826 446 2874 illi
466 2827 543 2876 uiden
562 2833 591 2876 ut
612 2827 687 2876 loeus
709 2832 750 2875 est
789 2824 897 2874 «Prinos
911 2827 1055 2893 privasque
1068 2830 1172 2891 antiqui
1186 2829 1313 2877 (licebant

225 2907 314 2969 potius
328 2907 355 2955 in
368 2906 520 2954 actionibus
538 2912 565 2954 et
582 2907 685 2954 eventis
702 2907 758 2956 im·.
790 2917 837 2966 pro
851 2905 993 2966 siugulis.»
1013 2907 1125 2957 Fnsrns.
1142 2932 1171 2942 -
1186 2903 1311 2968 triremis]

226 2985 340 3048 provisis
362 2991 389 3034 et
406 2985 613 3034 admirationem
634 2965 750 3034 excitari-
788 2996 837 3045 pro
860 2983 980 3045 qnalibet
1009 2999 1078 3035 slave
1103 2987 1215 3035 maiore.
1252 2985 1310 3034 Cic.

225 3065 307 3114 tibus.
336 3089 367 3100 -
393 3060 542 3126 coenaculo]
563 3063 647 3114 Varro
667 3063 697 3112 L.
719 3063 748 3111 L.
788 3061 885 3110 scens.
901 3063 927 3121 5,
943 3064 990 3112 17:
1011 3062 1177 3124 (Mamertini
1190 3064 1220 3113 G.
1234 3063 1311 3113 Verri

225 3144 251 3202 5,
267 3158 292 3206 p.
311 3142 371 3192 tce.
393 3143 509 3205 Speng.:
532 3143 577 3191 Uli
595 3142 748 3196 coenabant,
788 3137 975 3204 aetlilioarunt)
989 3157 1080 3192 novem
1090 3144 1214 3206 cybaeam
1225 3145 1313 3191 moni-

223 3223 438 3272 coenocnlnm
456 3223 606 3272 vocitabant
613 3237 622 3280 ;
646 3229 751 3283 posteo·
787 3233 875 3278 mom,
904 3222 1016 3268 triremis
1042 3223 1142 3278 instar,
1169 3221 1313 3283 pulcherri-

225 3315 304 3364 qoom
320 3303 349 3350 in
370 3302 502 3364 superiore
522 3309 599 3364 porte
621 3301 750 3350 coenitare
787 3312 867 3346 mom.
914 3298 988 3348 Haec
1011 3305 1104 3360 nutem¹
1125 3301 1252 3349 Horatius
1280 3313 1311 3348 er

224 3385 379 3442 coeperunt,
409 3375 551 3442 superioris
579 3381 668 3428 domna
693 3380 750 3426 nni·
789 3380 863 3438 parte
893 3377 988 3426 saltem
1013 3391 1076 3426 ase
1099 3380 1310 3442 deprompsisse,

123 3451 130 3466 '
223 3469 298 3507 verso
328 3459 512 3507 coenacula
542 3459 622 3506 dieto.
672 3456 749 3505 Talia
787 3455 955 3517 frequentem
980 3458 1149 3517 balneorum,
1170 3465 1311 3508 tonsorum

224 3542 315 3586 autern
334 3538 473 3586 coenacula
496 3538 633 3585 nmmtorio
662 3533 747 3598 (Suet.
787 3536 963 3584 mutationem
991 3543 1042 3586 cel.
1082 3539 1148 3586 mihi
1179 3551 1309 3600 perquam

222 3615 276 3664 Vit.
295 3613 335 3680 7.)
364 3617 554 3665 conducebant
570 3616 693 3664 homines
713 3621 749 3666 tc·
787 3615 926 3677 probabile
939 3621 988 3664 est.
1028 3617 1311 3666 locicnimhiesom·

224 3693 344 3743 naiores·
373 3695 468 3744 iuven.
488 3694 518 3752 3,
539 3686 605 3744 201:
640 3694 749 3742 Ultimas
787 3708 835 3756 per
862 3696 1026 3744 comitantur·
1058 3710 1149 3744 veram
1182 3702 1208 3744 et
1241 3697 1311 3747 vitae

197 3773 340 3833 -ardeln't,
367 3788 442 3836 quan
467 3773 553 3836 tepula
576 3773 635 3823 solo
662 3779 749 3822 inetur
787 3779 876 3834 aptam
896 3774 1110 3842 philosophiam:
1131 3781 1156 3824 et
1172 3775 1268 3838 quidni
1282 3776 1309 3826 in

221 3851 370 3913 splenio,
391 3852 479 3901 molles
499 3851 543 3900 obi
565 3851 678 3899 reddant
698 3863 748 3900 ooo
786 3851 884 3899 talibus
903 3853 1007 3914 *ln-serit
1034 3855 1061 3902 in
1091 3859 1176 3902 semet
1201 3855 1311 3916 ipsum?

222 3930 362 3980 columboe.
385 3956 415 3968 -
436 3927 524 3992 metor]
544 3935 571 3978 et
588 3929 707 3977 cubiculi
721 3934 748 3978 et
785 3930 913 3981 Senserat
929 3932 981 3982 hoe
1003 3934 1055 3991 iam
1073 3933 1157 3982 mirus
1179 3933 1225 3981 ille
1245 3932 1311 3982 Cru-

221 4008 343 4059 tricliuii.
366 4033 396 4044 -·
416 4005 527 4068 Balnea]
548 4007 595 4056 «in
615 4009 666 4057 lroc
681 4022 747 4071 qno·
785 4011 874 4073 quius,
895 4024 975 4078 saepe
998 4010 1087 4060 latuus
1104 4025 1135 4060 ae
1153 4024 1309 4074 perversus,

219 4101 272 4150 que
294 4087 467 4138 vitiositatem
488 4093 569 4149 atque
590 4086 746 4136 inconstan·
785 4089 921 4140 interdum
940 4096 1045 4141 acutus.
