2916 4796
237 303 318 380 456
574 327 716 376 nonsnn
742 327 980 376 moranus

470 723 839 816 EPIS'roLA
887 721 1092 862 xvffl.

488 1011 493 1020 Ι
613 921 681 978 ΑΙ)
711 921 950 1016 Romamn.

240 1061 388 1134 sthene
412 1067 566 1151 tenori,
589 1069 733 1146 metues,
756 1065 920 1132 liberrime
941 1063 1047 1151 Lolli,

241 1182 439 1254 scurrantis
461 1188 606 1272 speciem
628 1187 810 1273 praebere,
833 1185 1011 1271 protessus
1031 1184 1181 1259 amicum.

239 1307 288 1374 Ut
310 1311 464 1374 matrona
486 1309 653 1374 meretrici
677 1307 793 1392 dispar
815 1307 879 1384 erit
900 1307 1002 1393 atque

238 1429 413 1516 Discolor,
435 1421 536 1494 intido
559 1447 697 1495 scurrae
719 1428 857 1494 distabit
878 1429 1013 1494 amicus

272 1623 372 1674 xviri.
402 1623 534 1684 Lollium,
549 1623 685 1674 Iuniorem
699 1623 767 1674 ami·
805 1622 866 1673 aliis
887 1621 1113 1673 commendandis
1138 1622 1183 1674 vel
1203 1623 1327 1686 intempe·
1429 1581 1430 1628 ἶ

238 1716 302 1754 cum
317 1699 429 1767 (dequo
444 1703 521 1758 ride,
536 1714 606 1766 quae
619 1703 691 1752 dicte
704 1707 768 1752 sunt
806 1703 873 1775 stive
894 1700 1073 1752 defendendis
1093 1697 1154 1764 (vv.
1177 1701 1212 1752 ro
1224 1725 1254 1736 -
1264 1697 1327 1762 85.)

238 1782 273 1831 ad
295 1781 446 1844 Epistolam
467 1778 652 1843 secunduma)
682 1781 767 1830 liora·
805 1781 864 1831 Iam
889 1785 1033 1844 postquam
1059 1785 1098 1829 tot
1125 1785 1272 1843 praecepta
1297 1779 1327 1827 ds

238 1860 293 1910 tius
321 1860 356 1909 ad
376 1865 479 1910 rectam
505 1860 656 1922 potentium
681 1858 767 1908 cultui
805 1860 857 1920 iis,
877 1871 947 1922 quae
966 1859 1052 1911 vitare
1071 1859 1186 1920 debeat,
1212 1857 1328 1908 tradidls·
1421 1885 1425 1898 ·

239 1952 300 1990 rom
320 1938 501 1998 iteinstitult,
521 1943 551 1987 ut
565 1937 770 2008 adolescentem!
805 1943 863 1998 set,
884 1937 912 1986 ln
930 1937 991 1988 loco
1007 1933 1146 1987 communi
1163 1937 1198 1988 de
1218 1935 1327 1987 difficul-

239 2017 321 2069 huius
343 2017 541 2079 viteegeneris
556 2017 669 2067 tortasse
685 2017 767 2068 ulmis
805 2021 860 2065 tate
878 2029 910 2064 ao
931 2015 1060 2078 periculis
1087 2015 1212 2064 culturae
1242 2019 1327 2078 poten·

129 2138 134 2144 .
240 2095 371 2158 cupidum
393 2095 533 2160 nimiaque
553 2097 697 2147 commoda
716 2097 767 2146 sibi
805 2095 874 2144 tium
895 2095 1046 2144 amicorum
1069 2095 1221 2158 paullisper
1239 2095 1327 2144 immo·

240 2173 464 2238 promittentem,
494 2175 575 2225 simul
603 2176 765 2232 admoneat,
806 2169 950 2236 raturlvv·
965 2170 1109 2236 86—88.):
1125 2173 1326 2236 «tcaputrerum

241 2265 325 2318 quam
344 2253 430 2321 multa
443 2253 533 2304 oltlcia
550 2255 638 2304 libero
653 2259 680 2304 et
692 2254 768 2317 inge·
806 2257 934 2312 colomp>
954 2252 1056 2314 porgit,
1078 2252 1153 2301 «hoc
1171 2257 1229 2312 est,
1248 2255 1277 2300 ut
1291 2262 1327 2299 as·

241 2345 299 2385 nuo
312 2333 371 2400 niro
381 2333 424 2384 uir
437 2333 501 2384 satis
515 2334 597 2397 digna
610 2334 663 2383 sint
676 2329 769 2383 obser-
806 2329 930 2390 similes,
962 2331 1051 2394 quoad
1070 2331 1128 2380 eius
1147 2330 1209 2382 fleri
1231 2333 1325 2394 potest,

241 2412 331 2464 larido
341 2411 597 2475 taleiteringressis,
607 2425 689 2482 quam
700 2412 769 2462 mul·
807 2413 866 2459 tuos
887 2421 978 2459 mores
994 2413 1074 2473 atque
1085 2408 1247 2460 'affectiones
1262 2406 1326 2468 regit

176 2548 178 2554 ,
225 2491 406 2554 'tnpcricula
424 2485 580 2544 offendendi
599 2492 678 2541 annio
696 2491 768 2542 derl-
806 2489 1112 2540 tuiindollunlrersae.
1143 2489 1246 2539 Verum
1258 2484 1326 2537 omni

241 2571 334 2622 lauda.
356 2571 462 2623 Idcirco
478 2571 653 2624 commendat
668 2571 767 2632 amico,
806 2572 929 2631 tempore
943 2568 1167 2632 philosophorum
1184 2569 1279 2630 scripta
1293 2565 1327 2613 le·
1429 2613 1430 2620 ,

184 2650 187 2656 ’
239 2655 338 2700 moure
366 2650 400 2699 ad
430 2650 583 2700 libertatem
612 2663 766 2713 propenso,
807 2659 871 2708 gere
889 2659 1002 2711 perges,
1029 2660 1146 2711 quorum
1166 2646 1326 2698 institutione

239 2732 303 2778 ante
319 2729 431 2787 emula,
459 2742 494 2778 ne
512 2728 658 2792 asperitate
675 2728 769 2780 iocou-
807 2726 971 2790 quandoque
982 2727 1134 2787 condiscas,
1149 2740 1221 2791 quae
1234 2727 1266 2775 sit
1278 2723 1326 2780 rita

240 2806 322 2856 cinna
345 2803 400 2868 (rr.
420 2803 523 2870 5-9.),
555 2819 590 2857 no
611 2806 768 2857 adulatione
807 2804 955 2868 tranquilla
969 2809 1071 2856 etrere
1084 2806 1173 2862 beata,
1196 2799 1327 2869 quecqui-

242 2880 298 2946 (rr.
319 2880 457 2948 lo-lt.),
478 2898 547 2936 neue
560 2885 665 2934 rixandi
678 2880 768 2934 studio
807 2885 870 2934 dem
883 2897 935 2947 ego
948 2885 977 2935 in
988 2883 1089 2934 Sabino
1102 2898 1164 2935 mco
1179 2883 1323 2947 perimor.»

241 2962 358 3015 ridiculo
378 2958 433 3025 (rr.
454 2959 596 3027 15-eo·)‚
617 2977 671 3019 neu
685 2963 768 3015 variis
808 2987 839 3002 ·-
858 2963 964 3027 Scripta
983 2969 1025 3014 est
1042 2978 1068 3014 a.
1089 2979 1116 3025 u.
1138 2979 1163 3014 o.
1184 2964 1245 3015 734.

241 3040 316 3094 vitiis
331 3037 466 3104 (libidlne,
486 3042 557 3103 alea,
577 3043 767 3102 ostentatione,
843 3043 923 3092 1-4.
959 3039 1065 3108 metues]
1086 3043 1325 3104 «vitabis-·prae·
1429 3007 1430 3060 ]

241 3116 367 3184 avaritia)
386 3125 524 3184 potentem
540 3123 659 3173 amicum
673 3122 715 3174 vel
734 3121 768 3172 ab
807 3115 910 3182 oere3u
931 3123 1066 3184 «carebis,
1087 3123 1323 3187 nenpraebcas.»

242 3211 272 3250 se
292 3198 394 3251 alienet
415 3200 458 3251 rel
482 3201 564 3250 nimis
586 3201 719 3253 obnoxius
743 3201 768 3250 ei
807 3200 863 3250 Clr.
883 3201 918 3250 ad
936 3201 987 3252 Od.
1007 3203 1034 3262 2,
1054 3203 1080 3262 2,
1100 3203 1129 3252 ’1.
1144 3229 1180 3240 -2
1194 3191 1324 3260 liberrime]

241 3277 289 3328 liat
313 3277 356 3330 vol
382 3279 418 3328 ita
446 3279 480 3330 ab
504 3293 537 3330 oo
562 3284 708 3339 tractetur,
740 3283 770 3328 ut
808 3280 840 3329 In
866 3280 926 3342 ipso
955 3281 1121 3344 superlativo
1153 3282 1223 3332 inest
1252 3277 1324 3329 tacita

241 3357 348 3408 solebat
360 3371 445 3409 vanos
455 3358 581 3411 homiues
593 3359 696 3410 scnslm
710 3373 769 3421 per·
808 3359 975 3431 admonitIo,
996 3373 1030 3410 ne
1049 3353 1216 3432 παρ’ῥησιᾳ,
1236 3359 1324 3419 dequo

242 3437 308 3488 dere
321 3437 482 3508 Eutrapelus
495 3438 542 3488 ille
556 3434 611 3502 (rr.
625 3434 768 3500 21-36.);
808 3437 993 3500 gloriabatur,
1018 3444 1140 3502 temporo
1160 3439 1263 3489 etloco
1281 3433 1325 3483 mi·

243 3516 307 3567 dein
325 3527 388 3569 euro
405 3518 577 3574 dehortatur,
598 3530 633 3566 ne
646 3517 769 3568 curiosus
808 3531 860 3566 nus
886 3525 1040 3581 opportuno
1071 3519 1152 3568 ulmis
1181 3515 1323 3578 Indulgeat.
1419 3513 1424 3526 '

244 3595 279 3646 sit
299 3603 467 3649 secretorum
491 3609 544 3646 nou
568 3597 712 3646 commissa
732 3597 770 3646 di·
807 3595 895 3646 Aliter
919 3598 1015 3647 Iaoolas
1042 3597 1073 3650 L.
1099 3596 1131 3648 V.
1157 3611 1184 3661 p.
1210 3596 1260 3647 77:
1289 3590 1325 3640 se

243 3675 336 3738 volget
357 3672 413 3739 (vv.
433 3676 477 3726 37.
498 3671 574 3740 38.);
594 3690 629 3727 uc
649 3691 699 3727 sua
716 3665 786 3726 stu·¹
808 3675 928 3726 tooure
950 3678 1029 3726 doctu
1051 3677 1130 3726 eden
1152 3690 1186 3726 so
1202 3679 1261 3740 put
1278 3672 1324 3720 da·

245 3753 289 3804 dia
307 3755 403 3805 studiis
423 3757 530 3819 patroni
547 3757 685 3806 remittere
706 3770 771 3806 cun·
808 3756 864 3804 rin
880 3757 952 3806 elne
969 3757 1046 3806 leisc
1063 3757 1271 3816 Erinoeruup
1287 3761 1323 3800 oo

244 3839 349 3895 otetur,
374 3848 444 3887 uere
464 3835 631 3886 inostlclosus
648 3835 772 3887 rideatur
809 3835 867 3883 dos
885 3835 1062 3884 catholieo
1078 3835 1161 3890 reio,
1181 3825 1323 3882 wasloi-

207 3918 209 3928 “
245 3910 301 3976 (vr.
313 3911 455 3979 eo-oi.);
475 3928 510 3965 ne
520 3913 655 3963 incautius
665 3913 700 3962 de
709 3913 770 3962 aliis
809 3915 876 3963 ltus
893 3915 961 3964 asco
979 3913 1321 3975 setoscecootoipuor.

244 3993 374 4058 loquatur
392 3989 447 4056 (rr.
467 3988 614 4056 o8-71.);
634 4005 669 4042 uo
687 3991 772 4042 ancil·
808 3993 874 4043 ond
892 3994 1064 4046 oieiloictt
1082 3991 1248 4042 IiaweiIso
1264 3997 1323 4036 ver·

245 4070 287 4122 las
307 4085 440 4136 poenosae
462 4071 566 4122 domini
584 4071 692 4122 edomet
715 4068 770 4135 (rr.
808 4085 892 4138 poss.
908 4095 937 4108 -
952 4068 1115 4133 scurrantis]
1129 4068 1236 4135 «pabuli
1248 4075 1321 4116 causa
1429 4061 1430 4066 ’

247 4147 387 4217 ro-ro.);
406 4164 442 4203 ne
453 4151 651 4216 imprudentius
663 4156 727 4216 agat
743 4151 771 4203 in
809 4151 971 4204 assentantis
1001 4156 1028 4202 et
1055 4151 1141 4202 risum
1171 4144 1320 4202 mouentis.»
1429 4199 1430 4220 χ
