2928 4794
538 317 603 362 nra.
626 317 645 392 .¹·
689 317 793 364 anter.
814 320 835 363 t.
1146 299 1224 368 323

141 453 233 512 effert,
254 453 441 516 praeferatur?
469 449 523 516 (vv.
544 451 682 517 65-69.).
728 456 818 516 Quare
846 457 972 520 equidem
997 459 1126 508 indicium
1150 459 1225 520 volgi

142 541 175 589 de
194 538 350 600 expetendis
370 535 543 598 fugiendisve
563 538 642 598 rebus
661 541 690 585 nt
709 539 870 587 damnosum
891 541 1003 602 repudio
1017 538 1071 604 (rr.
1085 538 1222 603 'to-ra).

141 622 208 673 Nam
234 621 367 683 quoniam
396 632 444 668 ana
473 619 578 671 interna
606 625 633 668 et
660 628 732 670 certa
756 621 816 682 lege
835 627 923 682 caret,
954 623 1022 672 atior
1041 625 1075 673 ad
1094 623 1162 673 alias
1181 637 1224 673 rea

138 703 341 766 amplectendas
369 707 396 752 et
420 704 623 765 persequendas
648 703 763 766 impetiit
787 701 842 766 (vv.
867 702 994 768 *to-80.)
1018 719 1069 754 nec
1099 706 1224 757 homines

139 788 193 836 sibi
209 792 334 836 constare
355 786 382 834 in
401 786 454 835 vita
472 798 504 834 ac
525 785 620 834 studiis
640 787 753 847 patitur,
783 787 830 835 sed
849 787 883 835 ab
903 787 956 837 aiio
976 789 1009 838 ad
1028 788 1102 837 atiud
1121 789 1226 838 desida-

139 873 209 920 rium
229 876 332 920 temere
352 869 462 927 incitat,
490 873 520 916 ut
539 869 605 918 nihii
626 870 691 920 certi
718 874 798 932 atque
817 870 887 918 firmi
907 872 1037 931 habeant,
1067 872 1113 920 aed
1135 883 1225 920 meraa

140 954 340 1005 vicissitudines
362 951 437 1000 nnita
462 943 534 1012 tege
547 957 572 1000 et
597 965 690 1000 norma
719 956 848 1015 perpetuo
867 960 1000 1016 expetant.
1022 951 1076 1016 (vr.
1096 950 1224 1017 81-93.)

143 1037 231 1099 Atque
265 1037 301 1084 ita
332 1036 396 1084 huic
425 1035 566 1084 hominurn
591 1035 788 1085 inconstantiae
813 1038 887 1085 omni
911 1038 971 1099 lege
996 1038 1098 1088 carenti
1120 1038 1226 1087 adsueti

141 1134 250 1177 sumus,
270 1123 301 1167 ut
319 1118 363 1167 vei
383 1124 426 1176 tu,
447 1117 610 1176 MaecenaS‚'
630 1131 692 1166 conr
712 1119 739 1166 in
759 1119 832 1167 cultu
851 1125 878 1168 et
895 1121 992 1170 vestitu
1012 1135 1073 1169 meo
1091 1120 1225 1183 quaedam

141 1202 363 1254 inconvenientia
382 1200 611 1262 deprehenderis,
639 1201 727 1250 rideas
747 1207 773 1250 et
791 1204 983 1261 stomacheris:
1014 1203 1226 1253 inconstantiam

142 1287 225 1336 animi
246 1299 278 1334 ac
298 1285 384 1354 vitae,
412 1296 481 1345 qnae
500 1283 585 1332 multo
606 1285 681 1346 peior
707 1289 760 1344 est,
776 1290 820 1333 >ut
844 1285 983 1346 rotgarem
1008 1287 1077 1335 inter
1101 1286 1226 1336 homines

143 1369 299 1424 stultitiam,
321 1381 375 1416 non
395 1366 528 1426 exagites,
549 1380 600 1415 nec
618 1366 719 1416 idcirco
739 1381 782 1416 me
802 1373 925 1418 curatore
939 1382 1019 1430 egere
1032 1369 1143 1428 credar,
1163 1383 1226 1417 cum

144 1452 304 1516 praesertim
333 1455 361 1499 tn
389 1451 446 1513 ipse
474 1450 540 1498 rniiri
567 1455 638 1498 tutor
661 1451 696 1497 sis
716 1445 771 1511 (vv.
791 1447 963 1512 tat-toni»
1002 1448 1093 1512 (Hunc
1115 1449 1226 1514 quidem

142 1537 235 1588 locum
254 1537 403 1598 praeeunte
423 1533 541 1582 Obbario
561 1533 652 1596 paullo
670 1533 749 1582 aliter
768 1533 958 1595 interpretatus
972 1547 1046 1593 sum,
1068 1535 1094 1582 et
1108 1535 1135 1582 in
1149 1547 1225 1596 seqq.

144 1617 296 1690 εἰρωνείαν
315 1630 371 1666 non
391 1617 454 1666 satis
474 1617 691 1666 animadversam
710 1630 769 1666 esse
789 1613 874 1678 prato.)
914 1617 971 1665 «Ari
984 1631 1134 1674 summam,
1156 1629 1226 1678 quae

144 1702 224 1764 rotgo
244 1702 317 1750 bona
335 1701 482 1759 habentur,
502 1705 604 1748 certam
623 1704 650 1748 et
668 1700 791 1754 stabilem
812 1699 967 1748 felicitatem
981 1699 1052 1749 hand
1072 1703 1225 1760 praestant:

145 1785 255 1847 sapiens
265 1783 339 1832 sotus
350 1783 469 1846 perfecte
488 1784 597 1842 beatus,
619 1795 664 1832 rer
677 1783 795 1846 deriique
808 1796 902 1844 regum
916 1789 965 1850 est.
981 1778 1225 1846 (cv.106-tos.)»
