2928 4794
519 305 584 350 biit.
605 305 628 349 1.
670 305 774 350 lepisti.
796 302 815 349 1.

124 446 241 511 Virtus
265 447 318 510 est
340 445 455 509 vitium
479 443 598 530 fugere
621 446 655 508 et
677 445 842 528 sapientia
865 443 969 526 prima

123 564 279 633 Stultitia
302 569 461 630 caruisse.
505 563 626 645 Vides,
650 581 735 647 quae
757 563 898 626 maxima
920 559 1031 626 credie

122 687 210 752 Esse
233 687 335 772 mala,
357 688 513 772 exiguum
536 701 670 748 censum
694 685 888 766 turpemque
911 682 1095 765 repulsam,
1154 670 1158 674 ’

123 806 260 890 Quanto
283 805 415 871 devites
436 806 534 870 animi
556 783 742 888 capitisque
768 803 899 887 labore3
1003 811 1005 818 ’

123 931 276 1016 Impiger
297 930 468 1010 extremos
488 927 594 992 curris
616 928 782 990 mereator
802 920 846 988 ud
867 921 989 1008 Indos,
1012 1009 1018 1020 .
1055 969 1057 976 .
1167 915 1207 979 15

178 1151 200 1199 Ι.
237 1162 265 1199 v.
284 1147 331 1198 dd.
352 1147 485 1209 Quantum
504 1147 530 1196 b.

157 1257 202 1306 IV.
240 1270 267 1306 v.
287 1255 333 1304 tls.
353 1255 442 1304 auimo
460 1253 545 1304 Codd.
565 1251 649 1316 crnq.

125 1432 286 1483 Lambinus.
323 1430 389 1478 baec
433 1428 649 1491 reprehenderit.
691 1427 761 1490 plexi
774 1432 1066 1490 securatesequarnar.
1087 1423 1213 1477 Getarum

127 1511 192 1562 ellat
211 1515 302 1559 antem
320 1521 414 1568 usna»
442 1508 538 1570 inquit,
570 1508 650 1557 «doa-
690 1505 843 1572 γνωμικῶς
870 1507 899 1555 in
925 1506 966 1555 bie
990 1517 1213 1568 unamquemque

125 1592 178 1641 bus
200 1588 437 1645 translationibus,
466 1599 536 1648 quae
556 1592 651 1635 mutuo
691 1585 1126 1644 laetorum,nonlt1aeoenatem‚
1148 1583 1215 1632 allo·

125 1665 650 1731 nonrespondent.»Cir.daeiusllotb.
691 1663 792 1725 quitor.
813 1685 844 1697 —
868 1663 940 1712 Vides
959 1685 969 1696 ·
987 1687 998 1698 ·
1018 1658 1139 1722 tobore;]
1169 1660 1214 1710 Sio

125 1749 251 1810 P.So.p.
266 1739 332 1796 alaz
351 1745 454 1796 Nullum
470 1746 652 1809 ertiapeaiom
691 1741 787 1790 melius
807 1741 1024 1802 interpungitor‚
1050 1752 1132 1802 quarn
1150 1751 1214 1788 enm

126 1833 233 1877 mmm
241 1822 652 1888 aequeoortomferamtiuod
691 1819 909 1882 interrogationis
930 1819 1019 1880 signo.
1056 1817 1102 1868 Eat
1124 1818 1212 1866 enim:

125 1917 181 1955 noa
210 1905 328 1954 laboeeot
360 1903 465 1966 liapao,
498 1904 653 1950 mitescat
692 1898 794 1959 «Prope
815 1898 894 1946 aliter
914 1896 973 1946 lieri
993 1897 1102 1960 nequit,
1132 1907 1214 1958 quam

125 1983 211 2034 moto.
243 1983 301 2036 Liv.
322 1982 366 2042 33,
385 1982 435 2031 Ιιὸι
465 1983 558 2045 ferae
576 1992 653 2043 qaas·
691 1981 721 2026 ut
741 1980 795 2027 tute
812 1977 920 2026 videas»
940 1980 992 2024 eet.
1015 1999 1045 2010 -
1066 1981 1216 2036 turpemque

127 2065 192 2114 dom
202 2075 338 2125 nunquam
349 2061 529 2109 mitescere.
552 2081 582 2093 -
602 2057 651 2106 eut-
691 2051 836 2116 repelsam]
873 2053 977 2116 Ubique
1000 2057 1112 2114 usurpet
1132 2052 1216 2102 verba

128 2136 223 2201 turae]
248 2140 305 2190 Cle.
327 2139 408 2188 Tuae.
429 2139 461 2193 2,
480 2138 511 2188 5:
544 2135 654 2186 Cattar'o
693 2134 789 2182 veteris
802 2132 842 2180 roi
856 2132 994 2194 publicae,
1015 2144 1065 2180 nau
1086 2129 1216 2192 loquendi

128 2221 214 2270 nisime·
247 2219 414 2280 pbilosopbio
449 2222 496 2266 eet.
544 2215 653 2264 Bronalr
692 2223 758 2260 eane
776 2211 916 2260 innocenti
933 2209 967 2258 ad
985 2209 1099 2270 Augusti
1122 2208 1217 2257 volun-

128 2300 230 2350 tinom.
251 2313 278 2360 p.
299 2297 367 2346 aad:
393 2292 532 2357 ’Ἀπαντας
551 2287 569 2359 ἡ
591 2293 655 2342 καὶ·
692 2295 775 2339 tatem
802 2301 861 2337 sese
890 2299 1067 2349 componens.
1105 2286 1162 2335 Cic.
1182 2285 1217 2333 de

128 2377 230 2439 δευσις
242 2369 473 2444 ἡμέρους-ποιεῖ.
495 2395 526 2407 -
545 2383 655 2420 eommo-
693 2367 745 2417 Oil.
766 2367 791 2421 1,
812 2366 861 2415 al:
881 2365 1084 2426 rempublicam
1101 2377 1156 2412 aon
1174 2376 1217 2411 eu-

129 2451 189 2516 det]
222 2453 391 2504 Cmnmodore
415 2465 455 2514 pr.
477 2451 611 2500 «libenter
629 2453 655 2498 et
690 2447 819 2506 pessmtee
831 2467 842 2478 ·
854 2467 865 2478 ·
876 2443 999 2491 videatur
1012 2441 1113 2490 toboree
1125 2445 1149 2488 et
1162 2453 1217 2487 mo-

130 2535 215 2598 grntis
235 2533 394 2595 praebere.»
427 2530 482 2580 Sat.
503 2531 533 2588 1,
554 2530 586 2584 1,
609 2528 654 2578 22.
693 2524 791 2578 tertios,
812 2529 867 2571 tum
885 2521 1054 2585 offensionum
1067 2525 1091 2568 et
1103 2519 1219 2580 repulsa·

130 2613 365 2678 [odem-wem
379 2616 409 2658 at
419 2608 546 2671 praebeat
555 2619 655 2656 aurern.
694 2615 753 2650 mm
774 2601 853 2665 'quasi
884 2599 1018 2662 quondam
1046 2597 1219 2660 ipaomiaiom

130 2715 163 2729 -
188 2687 298 2754 primu]
327 2690 409 2749 iunge
433 2687 515 2736 etiam
539 2698 602 2734 eum
629 2698 655 2736 v.
695 2682 784 2728 timere
810 2686 834 2728 et
859 2677 1008 2740 infamiam.
1047 2701 1079 2710 -
1105 2672 1217 2737 labora]

130 2771 228 2818 metra.
255 2767 369 2829 Quintil.
389 2767 416 2825 8,
435 2766 462 2825 3,
482 2765 534 2814 tt:
567 2763 658 2812 Prima
697 2771 819 2806 «summa
845 2769 906 2804 cum
935 2755 1058 2804 molestia
1083 2756 1110 2802 et
1134 2753 1220 2802 animi

131 2849 218 2896 virias
236 2853 274 2895 est
292 2845 357 2894 vitio
377 2857 474 2894 carere.
511 2840 659 2903 abruptior
697 2831 1220 2898 etcorporumsiceaimerponendum

133 2940 204 2989 quae
226 2924 333 2976 videtur
351 2919 468 2988 γνώμη,
501 2921 536 2969 ita
559 2931 659 2968 eonna·
697 2930 723 2966 v.
742 2915 846 2975 eapitis,
867 2917 893 2962 et
912 2911 1034 2974 apposite
1047 2910 1080 2958 ad
1099 2913 1222 2958 nostrum

134 3006 215 3056 atitur
234 3017 297 3052 eum
314 3001 474 3064 praeaedd.:
495 3000 550 3048 «Ae
564 3009 659 3059 reapse
698 2981 862 3042 sermonem*
891 2990 972 3040 Voss:
1015 2987 1120 3037 Dentre
1161 2990 1222 3036 wie

135 3083 241 3136 uirtutis
264 3087 290 3130 et
311 3080 460 3144 sapientiae
480 3076 659 3141 primordium
699 3070 863 3134 dapsilieb
880 3069 921 3116 du
939 3067 1045 3116 eotcbe
1057 3067 1115 3113 mit
1130 3063 1225 3113 Herr-

135 3163 202 3212 illud
214 3164 385 3221 est‚utrera
397 3157 660 3208 docentibusaurem
698 3149 764 3198 weit
793 3147 929 3196 meideat
958 3143 1022 3192 aad
1051 3141 1227 3204 Kopfwels„

136 3243 298 3306 praebentes
308 3239 371 3289 vitia
381 3237 516 3298 fugiamus
527 3233 662 3298 praeiudi·
700 3226 752 3274 Pro
770 3224 859 3272 labore
877 3223 925 3271 alii
942 3220 1027 3270 Godd.
1047 3218 1118 3279 apud
1140 3218 1223 3266 Feam

136 3327 266 3383 aetasque
293 3317 437 3379 opiniones
466 3303 661 3377 deponamus.l›
701 3319 716 3354 a
744 3302 845 3364 duplici
876 3300 958 3361 gloss.
987 3297 1030 3349 rel
1061 3295 1150 3344 dolore
1180 3293 1224 3347 vel

138 3423 168 3436 -
186 3393 316 3458 eorumne]
336 3391 491 3465 ἀορίστως.
698 3381 807 3445 periclo.
1007 3406 1010 3414 ·
1166 3439 1167 3442 Ἴ

169 3477 215 3528 dd.
235 3475 281 3526 dd.
318 3475 380 3522 Esse
397 3466 489 3531 moto]
521 3469 595 3518 llaec
621 3467 665 3516 Vi·
736 3457 861 3508 lte-tr.
898 3460 1026 3504 extremae
1039 3472 1071 3486 ·-
1084 3449 1119 3499 od
1133 3445 1224 3511 ludos]

136 3559 180 3606 des
191 3581 202 3592 ·
214 3580 225 3590 -
235 3553 346 3616 palmae
365 3547 401 3612 (v.
422 3547 483 3611 51.)
501 3561 533 3597 eo
556 3546 665 3598 vinculo
703 3535 884 3602 hyperbolice,
906 3544 1008 3595 <tueque
1026 3531 1059 3579 ad
1081 3535 1166 3578 terras
1184 3541 1226 3578 ra·

137 3648 199 3694 eum
228 3630 376 3696 praeoedd.
399 3628 565 3690 iunguntur,
593 3623 664 3686 quod
704 3615 904 3669 milesimum»
929 3623 994 3661 nam
1015 3621 1076 3658 eum
1100 3609 1127 3656 in
1148 3608 1226 3669 poeta

139 3714 267 3764 exhibent
292 3707 447 3770 exemplum
475 3706 555 3755 boine
583 3703 666 3766 ipsius
705 3705 858 3746 versemur,
879 3692 931 3740 hoe
949 3702 1005 3738 uon
1025 3687 1059 3736 ad
1077 3687 1168 3736 viuum
1187 3697 1228 3734 ra·
1298 3705 1300 3712 ·

139 3793 269 3842 aeneiae
291 3785 428 3838 humente
454 3791 479 3834 et
502 3785 529 3832 iu
552 3779 667 3845 pecunia
705 3763 1228 3829 secandumest,attacorun1,qaide

140 3868 356 3922 laboriosissime
389 3862 545 3928 quaerenda
579 3865 605 3910 et
639 3857 667 3906 in
706 3847 1089 3916 Ceyloneineulaeogitarunt.
1110 3841 1230 3890 «Eodem

142 3949 266 4013 petendis
290 3945 456 4002 houeribau
486 3939 613 3992 stultitiae
636 3949 668 3984 ea
706 3932 799 3980 labore
818 3930 969 3988 iisdemque
984 3921 1110 3986 perieulis
1129 3933 1176 3982 per
1192 3924 1231 3968 to·

143 4029 295 4078 dumtaxat*
308 4008 416 4074 ratione
442 4018 617 4074 devitandae,
641 4018 670 4061 at
707 4015 761 4058 tam
773 4008 856 4057 vitam
868 4003 1034 4063 defungeris,
1050 3997 1147 4060 quibus
1161 4007 1230 4044 mer-

145 4105 296 4170 saptentiae
309 4103 473 4152 documenta
485 4099 601 4148 libenter
614 4103 670 4140 am·
708 4092 813 4138 catores
836 4083 923 4133 nostri
946 4093 1005 4130 sese
1029 4087 1162 4138 exponere
1189 4087 1231 4120 so·
1335 4101 1338 4106 ,
