2928 4794
245 273 327 368 290
432 287 437 296 ⁸
613 313 750 378 uoupuu
773 309 973 359 sarrnauum

139 461 143 468 ’
205 533 208 540 ‚
250 457 298 524 Ut
320 459 378 523 vel
397 457 555 523 continuo
578 453 704 540 patuit,
726 469 798 516 eum
822 450 971 533 passeris
993 449 1094 528 atqne

249 579 430 666 Ingustnta
453 576 528 640 milri
552 575 750 659 porrexerat
774 571 831 634 illa
851 565 990 632 rhombi.

251 691 337 766 Post
359 698 423 765 hoo
445 716 496 763 me
519 696 631 761 docuit
655 695 815 759 melimela
837 689 957 755 rubere
979 689 1137 751 minorem

251 817 309 886 Ad
330 820 441 883 lunam
464 817 605 883 delecta.
650 813 735 896 Quid
758 813 822 878 hoc
844 812 996 894 intersit,
1018 807 1060 872 ab
1082 807 1156 888 ipso

191 975 193 978 ·
252 937 413 1006 Audieris
434 939 559 1002 mellus.
603 933 684 1000 Tum
708 933 861 998 Vibidius
882 928 1075 994 Balatroni:

253 1059 326 1124 Nos
347 1059 412 1122 nisi
435 1055 592 1121 damnose
614 1056 769 1131 bibimus,
792 1053 966 1116 moriemur
987 1049 1100 1111 inulti:
1176 1073 1179 1076 ·

251 1179 298 1242 Et
319 1178 443 1244 calices
465 1178 573 1259 poscit
596 1177 745 1239 maiores.
782 1169 934 1238 Vertere
958 1171 1065 1252 pallor
1168 1189 1172 1194 ·
1295 1154 1339 1220 85

253 1296 337 1362 'l'um
360 1295 638 1381 parochiiaciem
662 1295 706 1357 nil
728 1295 778 1359 sio
801 1291 979 1356 metuentis
1000 1295 1157 1352 ut'ecres

240 1420 241 1423 Ἴ
304 1449 327 1500 l.
363 1462 391 1499 v.
411 1447 454 1497 30.
473 1449 623 1508 permeent
642 1447 684 1496 bo.
722 1459 749 1496 r.
769 1445 815 1498 itt.
833 1443 977 1493 moriemur
995 1453 1131 1504 supersor.
1145 1435 1228 1502 u(=
1241 1437 1340 1486 moma-

222 1509 227 1520 ’
251 1517 322 1580 mur)
337 1518 381 1566 Sc.
402 1514 469 1579 (uon
489 1512 528 1578 b.)

292 1611 329 1663 ll.
366 1629 393 1665 v.
413 1613 457 1663 30.
474 1615 624 1675 porroeerit
643 1613 675 1663 T.

277 1712 329 1761 lll.
367 1725 393 1763 r.
413 1710 457 1759 29.
474 1711 589 1771 passoris
604 1710 661 1760 ‚urm
679 1715 704 1759 et
723 1721 739 1759 e
757 1709 842 1760 codd.
862 1706 997 1757 Lambini.

281 1808 327 1857 lv.
366 1819 393 1858 r.
413 1805 458 1854 ³5.
475 1809 587 1866 pomum
605 1803 690 1853 Aldus
709 1805 787 1854 1519.

252 1937 308 1982 tem
330 1930 399 1979 mire
423 1928 516 1977 omnia
539 1927 677 1990 pulmonis
698 1933 775 1978 coetu
816 1928 939 1990 petulcus
958 1925 1146 1976 nesciocuius
1167 1923 1339 1986 interpolatio

252 2013 333 2073 etque
353 2008 462 2057 condite
484 2006 583 2066 luisse,
604 2011 633 2054 ut
658 2007 775 2069 perdilil-
816 2006 894 2054 dnotn
917 2019 947 2055 ex
970 2005 1024 2053 Sat.
1050 2004 1076 2060 2,
1101 2003 1128 2062 lt,
1151 2003 1207 2061 38„
1227 2016 1280 2065 qna
1299 2003 1340 2050 in·

253 2086 305 2136 cile
330 2087 381 2136 sibi
401 2085 552 2148 ceterisque
574 2091 644 2134 esset
667 2099 775 2148 persen·
800 2084 887 2134 ierre
907 2085 933 2132 in
956 2084 1098 2136 llorntium
1121 2082 1242 2140 volebat,
1262 2081 1339 2132 Nesi-

228 2175 231 2178 ’
254 2166 361 2226 timere,
381 2165 446 2227 quid
462 2164 572 2213 taudem
586 2165 774 2221 comedereut;
816 2160 1340 2225 dieuumperversepntiunriumpiscem

254 2245 326 2306 apud
346 2242 523 2295 nasidienum
539 2243 613 2291 enim
634 2241 776 2292 differebat
815 2238 1213 2301 assumcouvivisnpposnisse.
1238 2236 1339 2286 Verum

145 2341 147 2345 ·
253 2323 351 2386 partim
376 2335 391 2370 a
417 2321 496 2374 solito
521 2321 641 2369 edulium
671 2325 776 2382 gustus,
815 2333 870 2368 uon
886 2320 973 2382 pisone
987 2319 1048 2381 ipsi,
1070 2317 1256 2366 tautummodo
1271 2317 1339 2364 inie-

252 2402 351 2464 pnrtim
360 2411 470 2466 prorsus
481 2412 550 2449 novn
560 2400 775 2462 apponebantur,
816 2400 885 2447 stiua
899 2397 1020 2460 apposita
1034 2401 1129 2455 erent,
1149 2395 1221 2444 unde
1235 2395 1279 2444 hie
1292 2407 1339 2444 ne·

253 2484 283 2528 ut
303 2484 439 2528 certorum
457 2477 573 2540 piscium
592 2479 728 2526 intestina.
816 2489 868 2538 que
893 2476 926 2525 de
961 2475 1031 2524 assis
1060 2473 1176 2523 necde
1203 2473 1280 2522 elixis
1311 2477 1339 2521 et

288 2558 333 2606 29.
353 2556 398 2606 30.
437 2555 469 2602 tc
486 2552 544 2616 ool]
570 2557 627 2604 mie
646 2555 777 2622 ordonn
805 2553 1184 2614 *iureconditisngipoterat
1204 2551 1337 2612 Quocirca

251 2633 368 2700 pleiob.
390 2656 421 2668 -
438 2630 539 2694 patuit]
562 2631 709 2694 nnppnruit
725 2632 777 2681 No·
815 2646 870 2682 non
884 2632 1014 2690 adducor,
1033 2637 1062 2679 ut
1082 2631 1191 2680 credam
1212 2630 1256 2678 hic
1273 2641 1339 2691 quc·

251 2710 384 2762 menterno
400 2723 415 2758 e
434 2713 777 2776 patronoyaczpovoping
815 2723 868 2772 que
887 2723 952 2758 casu
971 2710 1005 2758 ab
1024 2722 1079 2758 uuo
1099 2708 1219 2756 alterove
1239 2707 1339 2757 Codice

252 2790 370 2839 doctoris
396 2801 496 2836 munus
521 2787 679 2849 impositum
699 2799 774 2844 esse;
814 2801 906 2838 reram
931 2787 1236 2837 lectionemsserratnm
1262 2799 1337 2846 esee,

250 2880 314 2917 nam
333 2868 355 2915 le
372 2867 426 2915 nisi
443 2865 573 2926 affuisset,
594 2867 639 2914 ilia
658 2865 775 2928 passeris
816 2864 1057 2929 (quemadmodum
1085 2877 1151 2915 sene
1172 2865 1273 2914 sactum
1296 2869 1339 2913 est

251 2957 308 2995 nou
329 2943 506 3006 tetigissem.»
529 2967 559 2978 -
578 2939 710 3005 poscente]
730 2943 777 2992 Est
814 2944 869 2994 Sat.
890 2946 915 3002 1,
936 2943 962 3002 6,
984 2943 1043 2994 126.
1065 2948 1091 2992 et
1110 2943 1166 2992 Sel.
1186 2943 1212 3002 2,
1233 2943 1258 3001 2,
1279 2937 1336 3005 29.)

253 3022 459 3085 pleuronectes‚
488 3021 568 3070 hodie
591 3022 709 3084 plateeoa
729 3021 775 3070 fle·
814 3012 875 3072 oum
892 3023 919 3070 in
930 3022 1292 3084 reliquisomuibusmnture
1303 3023 1338 3071 nb

252 3112 316 3162 sne,
360 3098 521 3159 Flunder,
568 3098 671 3148 Gallice
711 3100 775 3162 flet
815 3101 1052 3162 interpolatorum
1075 3101 1228 3150 oblitterata
1255 3106 1336 3150 esset.

252 3191 275 3227 s.
292 3178 424 3239 pioaud.
445 3205 474 3214 -
494 3180 608 3240 passoris
622 3175 711 3241 utque]
732 3178 775 3227 Ti·
816 3205 845 3216 —-
864 3175 1017 3242 inportata]
1038 3178 1279 3240 «Quanquinalibi
1292 3193 1338 3241 ep-

251 3256 324 3305 mide
346 3269 408 3304 cum
430 3247 607 3306 memorasset
628 3256 775 3305 Lambinus
814 3258 877 3320 poni
888 3271 942 3314 non
953 3257 1050 3315 solent,
1062 3270 1112 3318 ego
1123 3270 1264 3319 nunquam
1275 3262 1338 3308 unte

167 3343 170 3350 ’
251 3333 398 3384 lectionem
418 3333 539 3396 «aliquot
562 3335 695 3383 librorum
718 3347 774 3383 ma·
814 3340 979 3396 gustarem.»
995 3331 1093 3396 -iltn]
1109 3335 1338 3394 intestina‚ieour

250 3412 490 3474 adscriptorum»
509 3406 687 3476 ἀνωνύμων,
708 3425 773 3469 non,
813 3413 994 3475 potissimum,
1015 3413 1091 3462 Voss.
1111 3413 1220 3462 ridiculi
1238 3427 1335 3463 causa:

250 3491 290 3538 uti
311 3489 394 3546 solet,
415 3489 461 3538 ubi
484 3490 592 3552 probet,
614 3489 774 3539 nominatim
812 3492 863 3540 die
882 3491 1029 3540 liutteln.
1052 3515 1081 3524 -
1100 3489 1211 3553 rbombi]
1226 3493 1335 3542 liutto.

250 3567 318 3616 teies
337 3579 508 3616 memorare:
534 3569 649 3628 passoris
667 3569 720 3616 arei
739 3573 773 3625 et,
847 3569 877 3618 31
895 3591 925 3619 ,-
941 3565 984 3617 31.
1033 3565 1178 3630 melimela]
1216 3571 1337 3634 Henip-

251 3649 344 3707 postea
371 3658 426 3695 non
457 3651 592 3708 repertam
624 3658 713 3706 neque
745 3637 774 3692 i'u
812 3645 910 3708 (ipset.
931 3646 1016 3694 Varro
1035 3647 1067 3695 R.
1088 3648 1119 3695 R.
1140 3649 1166 3707 1,
1186 3647 1236 3697 59:
1265 3649 1337 3710 Quae

250 3723 387 3784 Oberlini‚
414 3724 499 3783 Fene,
531 3723 653 3773 Pottierii
688 3722 771 3772 Codd.
810 3729 1029 3774 caicamustea
1045 3725 1269 3780 vocabanbnuac
1281 3742 1338 3778 mo·

250 3802 347 3850 necin
366 3803 450 3862 meis,
477 3802 601 3864 cupidius
618 3801 689 3850 hene
708 3801 774 3849 arri·
812 3801 925 3850 limelc
942 3802 1088 3864 appellant.
1106 3803 1337 3856 Couu.Cn.oon-

223 3947 225 3956 Α
248 3884 366 3942 puerunt
380 3881 518 3930 Bentleius
540 3885 567 3928 et
588 3878 771 3928 Heindorlius.
811 3878 1337 3947 sunniacumpptorgltoeovtocg,qaae

247 3957 441 4008 Prudenterad
455 3957 521 4006 Mes.
536 3961 662 4006 uotorum
679 3956 772 4006 lectio·
810 3962 838 4008 et
854 3963 917 4008 sum
937 3959 1044 4008 acidula
1061 3973 1150 4024 neque
1172 3963 1282 4012 rubent.
1304 3989 1333 4000 -

248 4050 313 4088 nem
326 4035 406 4085 rediit
414 4033 568 4084 bleiuecke.
592 4035 699 4084 Etenim
708 4047 772 4099 pct-
810 4033 954 4102 minorcm]
987 4039 1243 4091 «decrescentem»
1279 4055 1336 4092 nou

246 4116 311 4167 omia
327 4115 382 4164 cosi
400 4118 424 4163 et
438 4110 563 4190 proiecto
580 4126 636 4164 non
658 4119 698 4164 eet
717 4113 770 4162 nisi
810 4115 981 4167 cumSclroln
998 4117 1333 4179 «quandoiunaorescita
