2856 4782
271 220 323 290 86
449 251 452 258 ·
633 256 770 305 nonnum
791 263 992 328 saulaumon

270 341 354 448 don
376 385 500 452 Canusi
521 389 709 480 lapidosum
731 417 838 484 aquae
860 423 927 468 non
949 405 1050 492 ditior
1071 410 1156 478 urna

272 498 336 582 Qui
357 503 454 572 locus
474 526 495 572 a
515 509 596 575 lorti
617 513 777 607 Diomede
799 526 853 586 est
875 525 1030 594 conditus
1054 531 1141 624 olim.

269 616 444 690 Flentibus
465 627 541 695 hinc
563 631 687 700 Varius
708 635 850 706 discedit
871 649 1020 710 moestus
1041 651 1172 718 amieis.

269 735 354 806 Inde
375 742 494 812 Rubos
514 749 599 816 fessi
619 759 849 846 pervenimus,
869 767 987 848 utpote
1009 768 1145 857 longum

268 855 455 944 Carpentes
475 867 541 934 iter
562 872 597 936 et
618 873 743 942 factum
764 887 955 967 corruptius
975 887 1081 953 imbri.
1313 891 1351 954 95

266 973 412 1048 Postera
433 987 616 1070 tempestas
636 997 770 1082 metior,
791 1003 849 1065 vie
870 1007 966 1087 peior
985 1007 1030 1071 od
1052 1027 1156 1096 usque

264 1093 347 1163 Bari
368 1107 498 1171 moenia
521 1110 658 1192 piscosi:
681 1113 758 1182 dein
781 1118 921 1210 Gnatia,
940 1125 1103 1213 Lymphis
1174 1216 1178 1227 .

318 1325 341 1378 l.
378 1343 404 1382 v.
424 1332 468 1384 91.
488 1335 571 1388 ditior
589 1353 723 1406 superscr.
742 1349 845 1403 dulcior
862 1355 889 1405 b.
927 1371 953 1409 v.
972 1359 1017 1412 92.
1036 1362 1087 1412 Hic
1104 1363 1175 1416 tone
1194 1380 1220 1418 c.
1256 1383 1283 1424 v.
1306 1371 1349 1424 93.

264 1392 340 1460 bitte]
359 1399 421 1452 bSc.
439 1403 480 1454 bic
491 1405 530 1458 Μ.
551 1408 620 1461 lbid.
639 1415 755 1468 discessit
773 1420 801 1471 S.
822 1419 889 1486 (nou
907 1423 963 1498 bc.)

303 1511 341 1566 11.
377 1531 403 1572 v.
423 1521 467 1575 91.
486 1526 588 1579 dulcior
604 1530 635 1582 C.
655 1547 718 1586 eum
737 1535 821 1592 C3dd.
842 1541 987 1596 Torrentii.
1030 1563 1056 1601 v·
1076 1551 1120 1602 97.
1139 1553 1231 1606 debinc
1247 1555 1345 1620 LGTl',

290 1631 342 1688 Ill.
379 1651 406 1692 v.
425 1641 470 1693 ab.
491 1641 539 1708 [].
572 1660 600 1702 v.
618 1651 663 1704 93.
683 1654 724 1706 bic
799 1720 805 1732 Ι

293 1825 419 1886 91-95.
445 1835 557 1906 Comei]
577 1845 658 1898 hodie
671 1851 784 1916 cenoso,
825 1851 998 1926 (himiliet.)
1011 1887 1041 1899 -
1061 1864 1218 1934 carpentes]
1239 1886 1347 1927 aemen-

260 1904 296 1956 ad
307 1905 437 1964 Aulidum
453 1917 482 1967 in
501 1921 623 1986 Daunia,
641 1927 783 1984 LXXXIV.
823 1935 885 1995 εἰη
905 1937 969 2000 quia
981 1939 1041 1991 viae
1051 1943 1175 2006 singulae
1188 1956 1279 2010 partes
1292 1969 1346 2005 una

260 1980 299 2035 Μ.
325 1986 357 2038 Ρ.
384 2003 400 2042 a
423 1993 580 2052 Benevento
610 2005 722 2060 distans.
752 2039 782 2050 -
823 2018 883 2075 post
905 2017 1019 2068 alteram
1044 2023 1158 2083 pedibus
1179 2029 1264 2080 veluti
1290 2047 1346 2083 cao

259 2063 363 2129 wenc]
391 2068 541 2128 Constsues
570 2083 615 2144 qut
634 2084 704 2135 locos
724 2083 785 2153 ((11-
818 2098 929 2154 postor,
939 2101 968 2146 ut
980 2097 1009 2146 fit
1021 2099 1050 2148 iu
1063 2100 1125 2152 lana
1138 2109 1165 2154 et
1176 2105 1233 2157 lino
1242 2113 1343 2162 nendo.

257 2141 380 2208 nusium)
393 2161 446 2199 teon
463 2147 540 2219 (una)
556 2159 627 2209 orsu
644 2177 729 2227 cquae
744 2168 784 2218 di·
821 2171 887 2225 lude
907 2179 998 2226 autem
1019 2192 1035 2226 a
1055 2178 1172 2232 Canusio
1197 2191 1272 2237 corte
1295 2189 1344 2240 iter

257 2217 314 2268 tior
342 2217 436 2285 (quam
458 2233 617 2294 oppidulum
636 2255 663 2292 v.
686 2241 743 2308 87.)
765 2261 783 2296 α
819 2249 955 2301 habebant
973 2257 1106 2317 perviam
1118 2259 1272 2322 Egnatium.

255 2291 506 2359 tottilltomodeett
521 2316 649 2368 conditus.
686 2321 781 2374 Strabo
852 2329 977 2380 97-99.
1013 2333 1098 2398 Bari]
1117 2338 1242 2401 Barium,
1261 2345 1343 2397 bodie

256 2369 292 2432 ⁶2
315 2375 346 2426 9:
375 2377 411 2431 τό
434 2399 466 2435 aa
491 2388 660 2446 Καννύσιον
684 2401 736 2451 καὶ
760 2397 779 2469 ἦ
816 2407 900 2468 Bari,
920 2411 1049 2474 oppidum
1065 2413 1341 2486 ApuliaePeucetiae,

256 2439 440 2536 baroptenus,
451 2462 778 2544 νῦνἫρποι--λέγεται,
817 2485 851 2533 ad
867 2500 943 2537 mare
961 2491 1061 2552 situm,
1081 2507 1097 2542 a
1115 2496 1201 2546 Rubis
1225 2501 1342 2554 distabat

256 2529 416 2604 αμφότερα
425 2537 592 2610 Διομήδους
603 2553 730 2618 κτίσμα·
749 2565 780 2608 ut
816 2562 889 2614 XXI.
897 2565 935 2616 M.
942 2566 974 2616 P.
986 2593 1016 2604 -
1028 2571 1145 2637 Gnatia]
1159 2576 1246 2630 torma
1257 2595 1342 2646 popu-

256 2604 339 2658 etiam
365 2610 456 2677 Equus
483 2623 590 2676 tuticus.
636 2630 712 2684 Serv.
744 2638 777 2686 ad
816 2639 880 2690 laris
894 2657 942 2705 pro
952 2647 1083 2710 uenatio,
1099 2652 1340 2722 hodieMuoopolt,

253 2678 324 2734 Aen.
338 2687 365 2748 8,
379 2691 406 2741 9.
420 2719 453 2732 -
472 2698 542 2749 lomes
553 2727 564 2738 -
576 2728 587 2739 -
598 2709 734 2774 concitos]
748 2721 778 2765 ut
816 2731 832 2766 a
848 2719 929 2770 Bauio
947 2723 1049 2774 distans
1065 2727 1200 2782 XXXVII.
1214 2733 1252 2786 iu.
1262 2735 1293 2784 Ρ.
1309 2761 1339 2776 -

254 2755 366 2826 Graeci,
386 2773 497 2841 χωρίον
506 2777 688 2846 κτιζόμενον.
707 2790 777 2843 Ben-
814 2797 955 2862 Lymphis]
975 2801 1062 2854 lorma
1083 2804 1178 2859 Latina
1199 2827 1248 2874 pro
1260 2815 1340 2880 Nym·

255 2835 335 2888 tleius
347 2841 504 2912 becumen,
524 2859 572 2918 qui
580 2873 673 2914 rursus
682 2881 776 2941 παρῳ-
814 2873 891 2936 pluis:
910 2879 962 2929 bae
974 2880 1090 2935 sontium
1104 2887 1171 2939 deae
1186 2904 1339 2946 memoran-

254 2907 320 2976 δίας
332 2917 473 2976 Ennianus
479 2931 603 2987 colorem
611 2940 706 3007 habet,
730 2949 775 2998 de·
813 2958 857 3002 tur
869 2955 949 3005 etiam
963 2959 991 3007 iu
1004 2961 1139 3026 inscriptt.
1154 2969 1222 3018 meis
1236 2970 1296 3022 Lat.
1306 2973 1336 3026 N.

252 2987 325 3053 leto,
344 2998 385 3048 sle
401 3012 590 3067 construebat:
610 3034 774 3084 aquatorum
813 3031 890 3082 1637.
917 3047 992 3099 seqq.
1014 3063 1045 3074 -
1065 3042 1182 3107 risusque
1203 3048 1337 3114 iocosque]

252 3060 396 3130 (nominat.
411 3094 459 3145 pro
480 3093 603 3159 osopio»)
622 3111 676 3150 non
692 3103 775 3154 dtttor
812 3107 867 3159 Cir.
883 3110 980 3164 Lucilli
1000 3117 1046 3168 Fr.
1064 3119 1092 3171 iu
1110 3121 1335 3187 Prolegomenis:

252 3139 384 3220 (uberior)
398 3165 439 3211 est
448 3162 572 3231 Canusii,
591 3187 672 3236 quam
686 3178 714 3229 in
727 3195 774 3244 op-
812 3187 881 3236 tedo’
897 3191 1026 3257 iocosque.
1045 3187 1162 3250 locus'in
1172 3209 1337 3257 coverteba·

249 3227 354 3288 pitulo.
375 3259 406 3272 -
425 3241 499 3307 binc]
526 3247 589 3300 inde
606 3266 622 3303 a
639 3254 771 3316 Canusio,
811 3269 862 3321 tur,
873 3270 1024 3332 quodcum
1037 3278 1165 3339 oppidum
1177 3282 1336 3337 detestabile

248 3315 321 3394 uon,
341 3317 371 3363 ut
390 3316 438 3368 alii
457 3323 569 3387 volunt,
589 3330 623 3379 ab
643 3335 772 3396 oppidulo
810 3356 880 3406 aqua
911 3347 967 3410 iugi
996 3359 1114 3415 careret,
1145 3372 1216 3409 vano
1243 3367 1335 3416 tamea

247 3387 375 3459 αμὲτρφ.
395 3394 464 3448 Meis
477 3400 561 3454 Codd.
575 3409 769 3478 obtemperavi,
809 3423 940 3474 miraculo
953 3429 1088 3488 gaudebat
1101 3433 1333 3504 gloriabaturque.

247 3461 329 3514 ctiam
344 3470 408 3530 quia
429 3487 460 3525 ex
480 3479 540 3530 istnc
558 3483 667 3538 facilius
679 3492 720 3542 bio
732 3493 771 3544 la·
808 3523 841 3536 -
858 3501 966 3564 {tommo
986 3497 1041 3556 sto'e
1057 3506 1136 3573 tora]
1154 3512 1227 3566 Ptin.
1248 3518 1284 3569 ll.
1298 3521 1331 3572 N.

245 3541 318 3590 ctum
346 3557 406 3598 esse
428 3553 535 3606 videtur
555 3574 637 3623 quam
663 3574 767 3623 eontra.
807 3578 833 3637 2,
847 3581 914 3632 111:
934 3584 967 3632 ln
983 3583 1120 3639 salentino
1133 3594 1231 3655 oppido
1245 3597 1335 3662 Epoc-

243 3613 289 3664 Sic
303 3617 392 3672 Plaut.
411 3625 477 3680 Cist.
491 3634 516 3694 1,
530 3635 557 3696 2,
572 3638 604 3690 8:
629 3643 688 3693 btoc
706 3647 769 3710 fleus
807 3657 846 3703 tto
864 3658 989 3720 imposito
1006 3663 1076 3729 ltpoo
1093 3669 1121 3717 tn
1138 3683 1232 3722 ancum
1246 3679 1334 3736 proti-

414 3707 467 3756 usit
491 3716 583 3764 autem
607 3719 766 3784 Horatium,
805 3745 854 3781 nus
877 3735 1011 3800 (tammum
1037 3745 1158 3796 ecsbtere
1188 3744 1334 3814 (reperitur

243 3772 294 3821 etsi
314 3774 479 3850 διαρῥήδην
494 3795 650 3860 condicit,
670 3815 767 3864 perno-
805 3812 876 3873 apud
890 3813 1036 3880 auctores.)

241 3852 328 3901 classe
338 3855 399 3908 ideo
409 3873 623 3925 consentaneum
637 3884 685 3940 est,
693 3885 766 3944 quod
804 3889 966 3942 miraculum
984 3894 1055 3946 effici
1072 3904 1190 3962 potuisse
1208 3909 1345 3971 umbone,

239 3937 256 3977 ι
271 3928 374 3992 liubis.
393 3939 475 3994 hodie
487 3947 578 4014 liceo,
598 3955 714 4010 distabat
724 3963 763 4014 M.
803 3966 895 4031 aliquo
906 3969 997 4021 ferreo
1008 3987 1090 4038 supra
1104 3991 1198 4031 saxum
1210 3997 1329 4049 suspen-

588 4027 608 4096 .)
623 4036 667 4091 vel
679 4035 762 4092 XXX.
802 4056 847 4105 so.
867 4046 1004 4110 quisenta
1022 4053 1089 4106 hora
1107 4057 1172 4110 solis
1189 4062 1273 4116 radiis
1291 4069 1329 4118 ta·
