<?xml version="1.0" encoding="UTF-8"?>
<!DOCTYPE html PUBLIC "-//W3C//DTD XHTML 1.0 Transitional//EN"
    "http://www.w3.org/TR/xhtml1/DTD/xhtml1-transitional.dtd">
<html xmlns="http://www.w3.org/1999/xhtml" xml:lang="en" lang="en">
 <head>
  <title>
</title>
<meta http-equiv="Content-Type" content="text/html;charset=utf-8" />
  <meta name='ocr-system' content='tesseract 3.04.00' />
  <meta name='ocr-capabilities' content='ocr_page ocr_carea ocr_par ocr_line ocrx_word'/>
</head>
<body>
  <div class='ocr_page' id='page_1' title='image "./qhoratiusflaccu01orelgoog/qhoratiusflaccu01orelgoog_0152.png"; bbox 0 0 2856 4782; ppageno 0'>
   <div class='ocr_carea' id='block_1_1' title="bbox 507 297 1181 366">
    <p class='ocr_par' dir='ltr' id='par_1_1' title="bbox 507 297 1181 366">
     <span class='ocr_line' id='line_1_1' title="bbox 507 297 1181 366; baseline 0.01 -7"><span class='ocrx_word' id='word_1_1' title='bbox 507 313 572 359; x_wconf 69' lang='grc' dir='ltr'><strong>ιιι.</strong></span> <span class='ocrx_word' id='word_1_2' title='bbox 592 313 613 358; x_wconf 88' lang='lat'><strong>1.</strong></span> <span class='ocrx_word' id='word_1_3' title='bbox 655 311 728 360; x_wconf 80' lang='lat' dir='ltr'><strong>aar.</strong></span> <span class='ocrx_word' id='word_1_4' title='bbox 749 315 781 362; x_wconf 86' lang='lat' dir='ltr'><strong>x.</strong></span> <span class='ocrx_word' id='word_1_5' title='bbox 1105 297 1181 366; x_wconf 82' lang='lat'><strong>141</strong></span> 
     </span>
    </p>
   </div>
   <div class='ocr_carea' id='block_1_2' title="bbox 101 449 1185 1266">
    <p class='ocr_par' dir='ltr' id='par_1_2' title="bbox 103 449 1183 654">
     <span class='ocr_line' id='line_1_2' title="bbox 104 449 1183 539; baseline 0.005 -23"><span class='ocrx_word' id='word_1_6' title='bbox 104 449 245 537; x_wconf 77' lang='lat' dir='ltr'><strong>Virgilio</strong></span> <span class='ocrx_word' id='word_1_7' title='bbox 267 453 458 516; x_wconf 85' lang='lat' dir='ltr'><strong>annuerunt</strong></span> <span class='ocrx_word' id='word_1_8' title='bbox 479 451 668 539; x_wconf 74' lang='lat' dir='ltr'><strong>gaudentes</strong></span> <span class='ocrx_word' id='word_1_9' title='bbox 689 471 768 518; x_wconf 88' lang='lat' dir='ltr'><strong>rure</strong></span> <span class='ocrx_word' id='word_1_10' title='bbox 789 453 963 520; x_wconf 83' lang='lat' dir='ltr'><strong>Camenae.</strong></span> <span class='ocrx_word' id='word_1_11' title='bbox 1142 453 1183 516; x_wconf 74' lang='lat'><strong>45</strong></span> 
     </span>
     <span class='ocr_line' id='line_1_3' title="bbox 103 553 955 654; baseline 0.007 -20"><span class='ocrx_word' id='word_1_12' title='bbox 103 571 176 636; x_wconf 86' lang='lat' dir='ltr'><strong>Hoc</strong></span> <span class='ocrx_word' id='word_1_13' title='bbox 198 573 295 650; x_wconf 85' lang='lat' dir='ltr'><strong>erat,</strong></span> <span class='ocrx_word' id='word_1_14' title='bbox 318 553 458 654; x_wconf 83' lang='lat' dir='ltr'><strong>experto</strong></span> <span class='ocrx_word' id='word_1_15' title='bbox 482 572 610 636; x_wconf 81' lang='lat' dir='ltr'><strong>trustra</strong></span> <span class='ocrx_word' id='word_1_16' title='bbox 631 573 785 638; x_wconf 80' lang='lat' dir='ltr'><strong>Varrone</strong></span> <span class='ocrx_word' id='word_1_17' title='bbox 807 574 955 640; x_wconf 77' lang='lat' dir='ltr'><strong>Atacino</strong></span> 
     </span>
    </p>

    <p class='ocr_par' dir='ltr' id='par_1_3' title="bbox 101 689 1136 1016">
     <span class='ocr_line' id='line_1_4' title="bbox 102 689 1136 780; baseline 0.007 -27"><span class='ocrx_word' id='word_1_18' title='bbox 102 689 217 774; x_wconf 77' lang='lat' dir='ltr'><strong>Atque</strong></span> <span class='ocrx_word' id='word_1_19' title='bbox 241 690 436 774; x_wconf 77' lang='lat' dir='ltr'><strong>quibasdam</strong></span> <span class='ocrx_word' id='word_1_20' title='bbox 457 693 546 776; x_wconf 81' lang='lat' dir='ltr'><strong>atita,</strong></span> <span class='ocrx_word' id='word_1_21' title='bbox 568 693 684 758; x_wconf 89' lang='lat' dir='ltr'><strong>melias</strong></span> <span class='ocrx_word' id='word_1_22' title='bbox 706 693 795 778; x_wconf 91' lang='lat' dir='ltr'><strong>quod</strong></span> <span class='ocrx_word' id='word_1_23' title='bbox 816 697 964 772; x_wconf 83' lang='lat' dir='ltr'><strong>scribere</strong></span> <span class='ocrx_word' id='word_1_24' title='bbox 987 714 1136 780; x_wconf 80' lang='lat' dir='ltr'><strong>possem,</strong></span> 
     </span>
     <span class='ocr_line' id='line_1_5' title="bbox 103 813 1047 902; baseline 0.004 -26"><span class='ocrx_word' id='word_1_25' title='bbox 103 813 289 876; x_wconf 87' lang='lat' dir='ltr'><strong>Inventore</strong></span> <span class='ocrx_word' id='word_1_26' title='bbox 312 813 433 898; x_wconf 85' lang='lat' dir='ltr'><strong>minor3</strong></span> <span class='ocrx_word' id='word_1_27' title='bbox 454 831 563 897; x_wconf 87' lang='lat' dir='ltr'><strong>neque</strong></span> <span class='ocrx_word' id='word_1_28' title='bbox 585 831 650 902; x_wconf 84' lang='lat' dir='ltr'><strong>ego</strong></span> <span class='ocrx_word' id='word_1_29' title='bbox 673 815 719 878; x_wconf 88' lang='lat' dir='ltr'><strong>itti</strong></span> <span class='ocrx_word' id='word_1_30' title='bbox 743 814 920 880; x_wconf 77' lang='lat' dir='ltr'><strong>detrahere</strong></span> <span class='ocrx_word' id='word_1_31' title='bbox 942 818 1047 881; x_wconf 86' lang='lat' dir='ltr'><strong>ausim</strong></span> 
     </span>
     <span class='ocr_line' id='line_1_6' title="bbox 101 932 961 1016; baseline 0.006 -21"><span class='ocrx_word' id='word_1_32' title='bbox 101 932 309 996; x_wconf 81' lang='lat' dir='ltr'><strong>Haerentem</strong></span> <span class='ocrx_word' id='word_1_33' title='bbox 331 933 433 1016; x_wconf 82' lang='lat' dir='ltr'><strong>capiti</strong></span> <span class='ocrx_word' id='word_1_34' title='bbox 455 951 528 998; x_wconf 88' lang='lat' dir='ltr'><strong>eum</strong></span> <span class='ocrx_word' id='word_1_35' title='bbox 550 935 652 998; x_wconf 86' lang='lat' dir='ltr'><strong>multe</strong></span> <span class='ocrx_word' id='word_1_36' title='bbox 673 933 773 999; x_wconf 86' lang='lat' dir='ltr'><strong>laude</strong></span> <span class='ocrx_word' id='word_1_37' title='bbox 795 953 961 1001; x_wconf 88' lang='lat' dir='ltr'><strong>coronam.</strong></span> 
     </span>
    </p>

    <p class='ocr_par' dir='ltr' id='par_1_4' title="bbox 101 1049 1185 1266">
     <span class='ocr_line' id='line_1_7' title="bbox 101 1049 1185 1148; baseline 0.001 -32"><span class='ocrx_word' id='word_1_38' title='bbox 101 1051 151 1116; x_wconf 84' lang='lat' dir='ltr'><strong>At</strong></span> <span class='ocrx_word' id='word_1_39' title='bbox 173 1051 244 1114; x_wconf 87' lang='lat' dir='ltr'><strong>dixi</strong></span> <span class='ocrx_word' id='word_1_40' title='bbox 267 1049 370 1116; x_wconf 82' lang='lat' dir='ltr'><strong>duero</strong></span> <span class='ocrx_word' id='word_1_41' title='bbox 391 1051 479 1117; x_wconf 89' lang='lat' dir='ltr'><strong>bunc</strong></span> <span class='ocrx_word' id='word_1_42' title='bbox 501 1053 714 1148; x_wconf 88' lang='lat' dir='ltr'><strong>lutulentum,</strong></span> <span class='ocrx_word' id='word_1_43' title='bbox 736 1074 840 1140; x_wconf 87' lang='lat' dir='ltr'><strong>saepe</strong></span> <span class='ocrx_word' id='word_1_44' title='bbox 863 1057 1026 1122; x_wconf 83' lang='lat' dir='ltr'><strong>terentem</strong></span> <span class='ocrx_word' id='word_1_45' title='bbox 1143 1053 1185 1117; x_wconf 82' lang='lat'><strong>⁵⁰</strong></span> 
     </span>
     <span class='ocr_line' id='line_1_8' title="bbox 101 1149 1096 1266; baseline 0.007 -30"><span class='ocrx_word' id='word_1_46' title='bbox 101 1171 207 1236; x_wconf 84' lang='lat' dir='ltr'><strong>Plura</strong></span> <span class='ocrx_word' id='word_1_47' title='bbox 229 1170 360 1256; x_wconf 88' lang='lat' dir='ltr'><strong>quidem</strong></span> <span class='ocrx_word' id='word_1_48' title='bbox 382 1149 531 1238; x_wconf 84' lang='lat' dir='ltr'><strong>tollenda</strong></span> <span class='ocrx_word' id='word_1_49' title='bbox 551 1173 789 1259; x_wconf 83' lang='lat' dir='ltr'><strong>relinquendis·</strong></span> <span class='ocrx_word' id='word_1_50' title='bbox 833 1175 930 1266; x_wconf 80' lang='lat' dir='ltr'><strong>Age,</strong></span> <span class='ocrx_word' id='word_1_51' title='bbox 952 1195 1096 1264; x_wconf 81' lang='lat' dir='ltr'><strong>quaeso,</strong></span> 
     </span>
    </p>
   </div>
   <div class='ocr_carea' id='block_1_3' title="bbox 140 1345 1182 1506">
    <p class='ocr_par' dir='ltr' id='par_1_5' title="bbox 140 1345 1182 1506">
     <span class='ocr_line' id='line_1_9' title="bbox 156 1345 1182 1416; baseline 0.01 -21"><span class='ocrx_word' id='word_1_52' title='bbox 156 1347 178 1396; x_wconf 87' lang='lat' dir='ltr'><strong>t.</strong></span> <span class='ocrx_word' id='word_1_53' title='bbox 216 1361 245 1398; x_wconf 81' lang='lat' dir='ltr'><strong>r.</strong></span> <span class='ocrx_word' id='word_1_54' title='bbox 264 1345 310 1396; x_wconf 73' lang='lat'><strong>45.</strong></span> <span class='ocrx_word' id='word_1_55' title='bbox 330 1353 480 1398; x_wconf 80' lang='lat' dir='ltr'><strong>annuerant</strong></span> <span class='ocrx_word' id='word_1_56' title='bbox 498 1348 525 1398; x_wconf 83' lang='lat' dir='ltr'><strong>S.</strong></span> <span class='ocrx_word' id='word_1_57' title='bbox 544 1350 687 1399; x_wconf 71' lang='lat' dir='ltr'><strong>annuerint</strong></span> <span class='ocrx_word' id='word_1_58' title='bbox 706 1349 748 1399; x_wconf 88' lang='lat' dir='ltr'><strong>bc.</strong></span> <span class='ocrx_word' id='word_1_59' title='bbox 769 1363 795 1404; x_wconf 76' lang='lat' dir='ltr'><strong>v.</strong></span> <span class='ocrx_word' id='word_1_60' title='bbox 808 1351 852 1402; x_wconf 81' lang='lat'><strong>51.</strong></span> <span class='ocrx_word' id='word_1_61' title='bbox 872 1365 966 1415; x_wconf 77' lang='lat' dir='ltr'><strong>qaaeeo</strong></span> <span class='ocrx_word' id='word_1_62' title='bbox 979 1353 1182 1416; x_wconf 73' lang='lat' dir='ltr'><strong>eupemcmb.</strong></span> 
     </span>
     <span class='ocr_line' id='line_1_10' title="bbox 140 1453 581 1506; baseline 0.005 -4"><span class='ocrx_word' id='word_1_63' title='bbox 140 1453 177 1504; x_wconf 85' lang='grc' dir='ltr'><strong>ΙΙ.</strong></span> <span class='ocrx_word' id='word_1_64' title='bbox 217 1468 244 1504; x_wconf 86' lang='lat' dir='ltr'><strong>r.</strong></span> <span class='ocrx_word' id='word_1_65' title='bbox 264 1453 308 1504; x_wconf 78' lang='lat' dir='ltr'><strong>te.</strong></span> <span class='ocrx_word' id='word_1_66' title='bbox 328 1454 413 1506; x_wconf 85' lang='lat' dir='ltr'><strong>matta</strong></span> <span class='ocrx_word' id='word_1_67' title='bbox 430 1468 487 1504; x_wconf 87' lang='lat' dir='ltr'><strong>cam</strong></span> <span class='ocrx_word' id='word_1_68' title='bbox 505 1453 581 1504; x_wconf 83' lang='lat' dir='ltr'><strong>LCT.</strong></span> 
     </span>
    </p>
   </div>
   <div class='ocr_carea' id='block_1_4' title="bbox 103 1585 1186 1740">
    <p class='ocr_par' dir='ltr' id='par_1_6' title="bbox 103 1585 1186 1740">
     <span class='ocr_line' id='line_1_11' title="bbox 103 1585 1186 1661; baseline 0.006 -19"><span class='ocrx_word' id='word_1_69' title='bbox 103 1606 182 1642; x_wconf 86' lang='lat' dir='ltr'><strong>casso</strong></span> <span class='ocrx_word' id='word_1_70' title='bbox 198 1607 328 1642; x_wconf 76' lang='lat' dir='ltr'><strong>numeros</strong></span> <span class='ocrx_word' id='word_1_71' title='bbox 346 1585 420 1654; x_wconf 79' lang='lat' dir='ltr'><strong>(den</strong></span> <span class='ocrx_word' id='word_1_72' title='bbox 442 1591 541 1657; x_wconf 84' lang='lat' dir='ltr'><strong>Tact)</strong></span> <span class='ocrx_word' id='word_1_73' title='bbox 558 1594 626 1645; x_wconf 89' lang='lat' dir='ltr'><strong>indi·</strong></span> <span class='ocrx_word' id='word_1_74' title='bbox 664 1594 729 1646; x_wconf 84' lang='lat' dir='ltr'><strong>Nae</strong></span> <span class='ocrx_word' id='word_1_75' title='bbox 745 1595 803 1644; x_wconf 81' lang='lat' dir='ltr'><strong>titi</strong></span> <span class='ocrx_word' id='word_1_76' title='bbox 820 1602 894 1646; x_wconf 83' lang='lat' dir='ltr'><strong>eant</strong></span> <span class='ocrx_word' id='word_1_77' title='bbox 910 1597 1008 1658; x_wconf 76' lang='lat' dir='ltr'><strong>pedes</strong></span> <span class='ocrx_word' id='word_1_78' title='bbox 1029 1597 1131 1661; x_wconf 73' lang='lat' dir='ltr'><strong>faceti</strong></span> <span class='ocrx_word' id='word_1_79' title='bbox 1149 1611 1186 1649; x_wconf 80' lang='lat' dir='ltr'><strong>aa</strong></span> 
     </span>
     <span class='ocr_line' id='line_1_12' title="bbox 104 1673 1185 1740; baseline 0.004 -18"><span class='ocrx_word' id='word_1_80' title='bbox 104 1674 197 1730; x_wconf 84' lang='lat' dir='ltr'><strong>eabat;</strong></span> <span class='ocrx_word' id='word_1_81' title='bbox 219 1673 436 1734; x_wconf 65' lang='lat' dir='ltr'><strong>undeuuanda</strong></span> <span class='ocrx_word' id='word_1_82' title='bbox 454 1673 527 1722; x_wconf 87' lang='lat' dir='ltr'><strong>idem</strong></span> <span class='ocrx_word' id='word_1_83' title='bbox 545 1679 625 1736; x_wconf 83' lang='lat' dir='ltr'><strong>atque</strong></span> <span class='ocrx_word' id='word_1_84' title='bbox 664 1673 793 1723; x_wconf 74' lang='lat' dir='ltr'><strong>deliciis</strong></span> <span class='ocrx_word' id='word_1_85' title='bbox 811 1675 1021 1738; x_wconf 73' lang='lat' dir='ltr'><strong>inaredienti</strong></span> <span class='ocrx_word' id='word_1_86' title='bbox 1032 1675 1066 1732; x_wconf 87' lang='grc' dir='ltr'><strong>(Ι.</strong></span> <span class='ocrx_word' id='word_1_87' title='bbox 1080 1677 1185 1740; x_wconf 67' lang='lat' dir='ltr'><strong>inare-</strong></span> 
     </span>
    </p>
   </div>
   <div class='ocr_carea' id='block_1_5' title="bbox 104 1743 1290 1820">
    <p class='ocr_par' dir='ltr' id='par_1_7' title="bbox 104 1743 1290 1820">
     <span class='ocr_line' id='line_1_13' title="bbox 104 1743 1290 1820; baseline 0.002 -20"><span class='ocrx_word' id='word_1_88' title='bbox 104 1753 186 1810; x_wconf 83' lang='lat' dir='ltr'><strong>ictue‚</strong></span> <span class='ocrx_word' id='word_1_89' title='bbox 208 1750 340 1820; x_wconf 77' lang='grc' dir='ltr'><strong>κροῦσις.</strong></span> <span class='ocrx_word' id='word_1_90' title='bbox 386 1751 514 1800; x_wconf 84' lang='lat' dir='ltr'><strong>Claudius</strong></span> <span class='ocrx_word' id='word_1_91' title='bbox 534 1751 626 1801; x_wconf 87' lang='lat' dir='ltr'><strong>Sacer·</strong></span> <span class='ocrx_word' id='word_1_92' title='bbox 664 1749 1128 1816; x_wconf 80' lang='lat' dir='ltr'><strong>diendt)mottee.-Varrone]</strong></span> <span class='ocrx_word' id='word_1_93' title='bbox 1152 1753 1182 1804; x_wconf 78' lang='lat' dir='ltr'><strong>b.</strong></span> <span class='ocrx_word' id='word_1_94' title='bbox 1287 1743 1290 1750; x_wconf 76' lang='lat'>&#39;</span> 
     </span>
    </p>
   </div>
   <div class='ocr_carea' id='block_1_6' title="bbox 100 1826 1186 2521">
    <p class='ocr_par' dir='ltr' id='par_1_8' title="bbox 100 1826 1186 2521">
     <span class='ocr_line' id='line_1_14' title="bbox 103 1826 1184 1894; baseline 0.004 -15"><span class='ocrx_word' id='word_1_95' title='bbox 103 1830 149 1879; x_wconf 82' lang='lat' dir='ltr'><strong>dos</strong></span> <span class='ocrx_word' id='word_1_96' title='bbox 159 1829 221 1878; x_wconf 91' lang='lat' dir='ltr'><strong>Lib.</strong></span> <span class='ocrx_word' id='word_1_97' title='bbox 236 1831 262 1889; x_wconf 88' lang='lat'><strong>1,</strong></span> <span class='ocrx_word' id='word_1_98' title='bbox 274 1844 300 1892; x_wconf 84' lang='lat' dir='ltr'><strong>p.</strong></span> <span class='ocrx_word' id='word_1_99' title='bbox 314 1829 364 1878; x_wconf 66' lang='lat'><strong>26:</strong></span> <span class='ocrx_word' id='word_1_100' title='bbox 383 1843 469 1879; x_wconf 78' lang='lat' dir='ltr'><strong>verna</strong></span> <span class='ocrx_word' id='word_1_101' title='bbox 479 1828 626 1892; x_wconf 69' lang='lat' dir='ltr'><strong>percutien-</strong></span> <span class='ocrx_word' id='word_1_102' title='bbox 652 1826 732 1892; x_wconf 91' lang='lat' dir='ltr'><strong>-(uou</strong></span> <span class='ocrx_word' id='word_1_103' title='bbox 752 1829 780 1880; x_wconf 79' lang='lat'><strong>0.</strong></span> <span class='ocrx_word' id='word_1_104' title='bbox 795 1845 846 1880; x_wconf 90' lang='lat' dir='ltr'><strong>nee</strong></span> <span class='ocrx_word' id='word_1_105' title='bbox 865 1827 915 1894; x_wconf 82' lang='grc' dir='ltr'><strong>Μ.)</strong></span> <span class='ocrx_word' id='word_1_106' title='bbox 936 1831 1079 1882; x_wconf 75' lang='lat' dir='ltr'><strong>Terentius</strong></span> <span class='ocrx_word' id='word_1_107' title='bbox 1099 1833 1184 1883; x_wconf 85' lang='lat' dir='ltr'><strong>Varro</strong></span> 
     </span>
     <span class='ocr_line' id='line_1_15' title="bbox 104 1896 1185 1972; baseline 0.005 -15"><span class='ocrx_word' id='word_1_108' title='bbox 104 1914 152 1967; x_wconf 75' lang='lat' dir='ltr'><strong>tet,</strong></span> <span class='ocrx_word' id='word_1_109' title='bbox 180 1908 211 1956; x_wconf 78' lang='lat' dir='ltr'><strong>ta</strong></span> <span class='ocrx_word' id='word_1_110' title='bbox 228 1910 280 1967; x_wconf 78' lang='lat' dir='ltr'><strong>est,</strong></span> <span class='ocrx_word' id='word_1_111' title='bbox 305 1908 465 1958; x_wconf 74' lang='lat' dir='ltr'><strong>scandentes.</strong></span> <span class='ocrx_word' id='word_1_112' title='bbox 487 1931 517 1943; x_wconf 91' lang='lat'>-</span> <span class='ocrx_word' id='word_1_113' title='bbox 546 1906 624 1971; x_wconf 87' lang='lat' dir='ltr'><strong>acer]</strong></span> <span class='ocrx_word' id='word_1_114' title='bbox 664 1909 792 1958; x_wconf 75' lang='lat' dir='ltr'><strong>Atacinus</strong></span> <span class='ocrx_word' id='word_1_115' title='bbox 816 1908 861 1972; x_wconf 86' lang='lat' dir='ltr'><strong>(ab</strong></span> <span class='ocrx_word' id='word_1_116' title='bbox 877 1909 974 1972; x_wconf 76' lang='lat' dir='ltr'><strong>Atace,</strong></span> <span class='ocrx_word' id='word_1_117' title='bbox 995 1896 1099 1961; x_wconf 78' lang='lat' dir='ltr'><strong>Galliae</strong></span> <span class='ocrx_word' id='word_1_118' title='bbox 1119 1913 1185 1963; x_wconf 85' lang='lat' dir='ltr'><strong>Nar·</strong></span> 
     </span>
     <span class='ocr_line' id='line_1_16' title="bbox 105 1985 1183 2052; baseline 0.009 -21"><span class='ocrx_word' id='word_1_119' title='bbox 105 1985 266 2036; x_wconf 73' lang='lat' dir='ltr'><strong>«fervidus»</strong></span> <span class='ocrx_word' id='word_1_120' title='bbox 301 1987 419 2051; x_wconf 65' lang='lat' dir='ltr'><strong>scarie.</strong></span> <span class='ocrx_word' id='word_1_121' title='bbox 472 1987 502 2036; x_wconf 86' lang='lat' dir='ltr'><strong>L.</strong></span> <span class='ocrx_word' id='word_1_122' title='bbox 528 1987 625 2037; x_wconf 81' lang='lat' dir='ltr'><strong>Varius</strong></span> <span class='ocrx_word' id='word_1_123' title='bbox 662 1989 792 2037; x_wconf 76' lang='lat' dir='ltr'><strong>bonensis</strong></span> <span class='ocrx_word' id='word_1_124' title='bbox 812 1985 852 2052; x_wconf 89' lang='lat' dir='ltr'><strong>n.)</strong></span> <span class='ocrx_word' id='word_1_125' title='bbox 881 2003 907 2038; x_wconf 88' lang='lat' dir='ltr'><strong>a.</strong></span> <span class='ocrx_word' id='word_1_126' title='bbox 931 1989 1183 2041; x_wconf 67' lang='lat' dir='ltr'><strong>actm-717.</strong></span> 
     </span>
     <span class='ocr_line' id='line_1_17' title="bbox 104 2061 1185 2132; baseline 0.004 -18"><span class='ocrx_word' id='word_1_127' title='bbox 104 2062 165 2126; x_wconf 90' lang='lat' dir='ltr'><strong>(0d.</strong></span> <span class='ocrx_word' id='word_1_128' title='bbox 185 2065 212 2124; x_wconf 90' lang='lat'><strong>1,</strong></span> <span class='ocrx_word' id='word_1_129' title='bbox 232 2064 260 2114; x_wconf 80' lang='lat' dir='ltr'><strong>b.</strong></span> <span class='ocrx_word' id='word_1_130' title='bbox 274 2061 314 2126; x_wconf 91' lang='lat'><strong>1.)</strong></span> <span class='ocrx_word' id='word_1_131' title='bbox 334 2077 443 2114; x_wconf 85' lang='lat' dir='ltr'><strong>carmen</strong></span> <span class='ocrx_word' id='word_1_132' title='bbox 468 2065 576 2128; x_wconf 85' lang='lat' dir='ltr'><strong>epicum</strong></span> <span class='ocrx_word' id='word_1_133' title='bbox 592 2068 626 2116; x_wconf 90' lang='lat' dir='ltr'><strong>de</strong></span> <span class='ocrx_word' id='word_1_134' title='bbox 663 2064 859 2128; x_wconf 75' lang='lat' dir='ltr'><strong>Argonautica,</strong></span> <span class='ocrx_word' id='word_1_135' title='bbox 879 2067 1052 2117; x_wconf 81' lang='lat' dir='ltr'><strong>laudabiliter</strong></span> <span class='ocrx_word' id='word_1_136' title='bbox 1075 2067 1185 2132; x_wconf 79' lang='lat' dir='ltr'><strong>Apotto-</strong></span> 
     </span>
     <span class='ocr_line' id='line_1_18' title="bbox 103 2143 1184 2209; baseline 0.003 -16"><span class='ocrx_word' id='word_1_137' title='bbox 103 2143 225 2194; x_wconf 76' lang='lat' dir='ltr'><strong>Caesarie</strong></span> <span class='ocrx_word' id='word_1_138' title='bbox 241 2147 329 2192; x_wconf 85' lang='lat' dir='ltr'><strong>morto</strong></span> <span class='ocrx_word' id='word_1_139' title='bbox 346 2147 372 2192; x_wconf 91' lang='lat' dir='ltr'><strong>et</strong></span> <span class='ocrx_word' id='word_1_140' title='bbox 385 2144 580 2209; x_wconf 78' lang='lat' dir='ltr'><strong>Panegyricum</strong></span> <span class='ocrx_word' id='word_1_141' title='bbox 597 2146 626 2194; x_wconf 93' lang='lat' dir='ltr'><strong>in</strong></span> <span class='ocrx_word' id='word_1_142' title='bbox 663 2145 878 2200; x_wconf 85' lang='lat' dir='ltr'><strong>niumimitatus‚</strong></span> <span class='ocrx_word' id='word_1_143' title='bbox 893 2159 1004 2195; x_wconf 89' lang='lat' dir='ltr'><strong>carmen</strong></span> <span class='ocrx_word' id='word_1_144' title='bbox 1017 2145 1184 2196; x_wconf 70' lang='lat' dir='ltr'><strong>decreuerit</strong></span> 
     </span>
     <span class='ocr_line' id='line_1_19' title="bbox 102 2221 1184 2287; baseline 0.004 -17"><span class='ocrx_word' id='word_1_145' title='bbox 102 2221 280 2272; x_wconf 85' lang='lat' dir='ltr'><strong>Octavianum</strong></span> <span class='ocrx_word' id='word_1_146' title='bbox 304 2227 509 2284; x_wconf 83' lang='lat' dir='ltr'><strong>composuerat;</strong></span> <span class='ocrx_word' id='word_1_147' title='bbox 541 2225 626 2287; x_wconf 74' lang='lat' dir='ltr'><strong>Thye-</strong></span> <span class='ocrx_word' id='word_1_148' title='bbox 664 2222 922 2286; x_wconf 75' lang='lat' dir='ltr'><strong>botlodquitanico,</strong></span> <span class='ocrx_word' id='word_1_149' title='bbox 946 2224 1062 2286; x_wconf 76' lang='lat' dir='ltr'><strong>elegiae,</strong></span> <span class='ocrx_word' id='word_1_150' title='bbox 1089 2226 1184 2275; x_wconf 79' lang='lat' dir='ltr'><strong>satiras</strong></span> 
     </span>
     <span class='ocr_line' id='line_1_20' title="bbox 101 2301 1184 2364; baseline 0.002 -14"><span class='ocrx_word' id='word_1_151' title='bbox 101 2306 169 2350; x_wconf 77' lang='lat' dir='ltr'><strong>stem</strong></span> <span class='ocrx_word' id='word_1_152' title='bbox 200 2305 266 2350; x_wconf 90' lang='lat' dir='ltr'><strong>tunc</strong></span> <span class='ocrx_word' id='word_1_153' title='bbox 292 2301 414 2350; x_wconf 89' lang='lat' dir='ltr'><strong>noudum</strong></span> <span class='ocrx_word' id='word_1_154' title='bbox 441 2301 546 2352; x_wconf 85' lang='lat' dir='ltr'><strong>ridetur</strong></span> <span class='ocrx_word' id='word_1_155' title='bbox 571 2303 626 2351; x_wconf 93' lang='lat' dir='ltr'><strong>edi·</strong></span> <span class='ocrx_word' id='word_1_156' title='bbox 664 2302 870 2364; x_wconf 81' lang='lat' dir='ltr'><strong>conscripserat.</strong></span> <span class='ocrx_word' id='word_1_157' title='bbox 899 2301 1027 2363; x_wconf 88' lang='lat' dir='ltr'><strong>Quinctil.</strong></span> <span class='ocrx_word' id='word_1_158' title='bbox 1042 2304 1085 2363; x_wconf 88' lang='lat'><strong>10,</strong></span> <span class='ocrx_word' id='word_1_159' title='bbox 1100 2305 1125 2360; x_wconf 88' lang='grc'><strong>1,</strong></span> <span class='ocrx_word' id='word_1_160' title='bbox 1140 2303 1184 2353; x_wconf 76' lang='lat'><strong>87.</strong></span> 
     </span>
     <span class='ocr_line' id='line_1_21' title="bbox 101 2375 1186 2442; baseline 0.005 -16"><span class='ocrx_word' id='word_1_161' title='bbox 101 2379 182 2428; x_wconf 83' lang='lat' dir='ltr'><strong>disee.</strong></span> <span class='ocrx_word' id='word_1_162' title='bbox 205 2404 237 2414; x_wconf 93' lang='lat'>-</span> <span class='ocrx_word' id='word_1_163' title='bbox 265 2375 355 2440; x_wconf 87' lang='lat' dir='ltr'><strong>dacit]</strong></span> <span class='ocrx_word' id='word_1_164' title='bbox 383 2381 460 2442; x_wconf 82' lang='lat' dir='ltr'><strong>qnasi</strong></span> <span class='ocrx_word' id='word_1_165' title='bbox 484 2393 500 2429; x_wconf 86' lang='lat' dir='ltr'><strong>a</strong></span> <span class='ocrx_word' id='word_1_166' title='bbox 523 2381 624 2430; x_wconf 90' lang='lat' dir='ltr'><strong>nendo.</strong></span> <span class='ocrx_word' id='word_1_167' title='bbox 664 2377 1045 2441; x_wconf 76' lang='lat' dir='ltr'><strong>-AtqaeqatbaadamattiaJ</strong></span> <span class='ocrx_word' id='word_1_168' title='bbox 1065 2381 1186 2442; x_wconf 73' lang='lat' dir='ltr'><strong>Quodsi·</strong></span> 
     </span>
     <span class='ocr_line' id='line_1_22' title="bbox 100 2455 1185 2521; baseline 0.004 -16"><span class='ocrx_word' id='word_1_169' title='bbox 100 2456 168 2519; x_wconf 80' lang='lat' dir='ltr'><strong>Epp.</strong></span> <span class='ocrx_word' id='word_1_170' title='bbox 182 2457 210 2516; x_wconf 79' lang='lat'><strong>2,</strong></span> <span class='ocrx_word' id='word_1_171' title='bbox 225 2457 251 2516; x_wconf 90' lang='grc'><strong>1,</strong></span> <span class='ocrx_word' id='word_1_172' title='bbox 266 2457 333 2506; x_wconf 74' lang='lat'><strong>225:</strong></span> <span class='ocrx_word' id='word_1_173' title='bbox 354 2459 424 2506; x_wconf 86' lang='lat' dir='ltr'><strong>tenni</strong></span> <span class='ocrx_word' id='word_1_174' title='bbox 441 2459 551 2508; x_wconf 84' lang='lat' dir='ltr'><strong>deducta</strong></span> <span class='ocrx_word' id='word_1_175' title='bbox 564 2463 626 2521; x_wconf 79' lang='lat' dir='ltr'><strong>poe·</strong></span> <span class='ocrx_word' id='word_1_176' title='bbox 664 2455 773 2517; x_wconf 73' lang='lat' dir='ltr'><strong>gnificat</strong></span> <span class='ocrx_word' id='word_1_177' title='bbox 786 2458 957 2518; x_wconf 80' lang='lat' dir='ltr'><strong>ignoramus,</strong></span> <span class='ocrx_word' id='word_1_178' title='bbox 979 2465 1051 2507; x_wconf 85' lang='lat' dir='ltr'><strong>certe</strong></span> <span class='ocrx_word' id='word_1_179' title='bbox 1064 2472 1120 2508; x_wconf 88' lang='lat' dir='ltr'><strong>nou</strong></span> <span class='ocrx_word' id='word_1_180' title='bbox 1132 2460 1185 2510; x_wconf 81' lang='lat' dir='ltr'><strong>En-</strong></span> 
     </span>
    </p>
   </div>
   <div class='ocr_carea' id='block_1_7' title="bbox 6 2535 1186 2599">
    <p class='ocr_par' dir='ltr' id='par_1_9' title="bbox 6 2535 1186 2599">
     <span class='ocr_line' id='line_1_23' title="bbox 6 2535 1186 2599; baseline 0.003 -15"><span class='ocrx_word' id='word_1_181' title='bbox 6 2535 7 2544; x_wconf 76' lang='grc'>’</span> <span class='ocrx_word' id='word_1_182' title='bbox 99 2535 246 2599; x_wconf 67' lang='grc' dir='ltr'><strong>πιαῐαρῑο.</strong></span> <span class='ocrx_word' id='word_1_183' title='bbox 285 2535 624 2596; x_wconf 61' lang='lat' dir='ltr'><strong>adamantinis:</strong></span> <span class='ocrx_word' id='word_1_184' title='bbox 665 2535 740 2584; x_wconf 89' lang='lat' dir='ltr'><strong>nium</strong></span> <span class='ocrx_word' id='word_1_185' title='bbox 761 2547 849 2598; x_wconf 82' lang='lat' dir='ltr'><strong>neque</strong></span> <span class='ocrx_word' id='word_1_186' title='bbox 867 2535 1030 2592; x_wconf 82' lang='lat' dir='ltr'><strong>Pacuvium,</strong></span> <span class='ocrx_word' id='word_1_187' title='bbox 1051 2538 1186 2588; x_wconf 85' lang='lat' dir='ltr'><strong>utrotunt</strong></span> 
     </span>
    </p>
   </div>
   <div class='ocr_carea' id='block_1_8' title="bbox 101 2613 1186 2674">
    <p class='ocr_par' dir='ltr' id='par_1_10' title="bbox 101 2613 1186 2674">
     <span class='ocr_line' id='line_1_24' title="bbox 101 2613 1186 2674; baseline 0.003 -12"><span class='ocrx_word' id='word_1_188' title='bbox 101 2621 188 2668; x_wconf 87' lang='lat' dir='ltr'><strong>tamen</strong></span> <span class='ocrx_word' id='word_1_189' title='bbox 199 2615 256 2674; x_wconf 77' lang='lat' dir='ltr'><strong>ipae</strong></span> <span class='ocrx_word' id='word_1_190' title='bbox 270 2618 393 2663; x_wconf 79' lang='lat' dir='ltr'><strong>treraente</strong></span> <span class='ocrx_word' id='word_1_191' title='bbox 410 2613 536 2664; x_wconf 79' lang='lat' dir='ltr'><strong>Carmina</strong></span> <span class='ocrx_word' id='word_1_192' title='bbox 553 2615 626 2664; x_wconf 83' lang='lat' dir='ltr'><strong>daec·</strong></span> <span class='ocrx_word' id='word_1_193' title='bbox 664 2613 845 2673; x_wconf 68' lang='lat' dir='ltr'><strong>Sabotam,</strong></span> <span class='ocrx_word' id='word_1_194' title='bbox 865 2615 912 2663; x_wconf 79' lang='lat' dir='ltr'><strong>aed</strong></span> <span class='ocrx_word' id='word_1_195' title='bbox 929 2613 1043 2664; x_wconf 81' lang='lat' dir='ltr'><strong>tortasse</strong></span> <span class='ocrx_word' id='word_1_196' title='bbox 1060 2615 1186 2667; x_wconf 78' lang='lat' dir='ltr'><strong>Suetium</strong></span> 
     </span>
    </p>
   </div>
   <div class='ocr_carea' id='block_1_9' title="bbox 6 2689 1187 2758">
    <p class='ocr_par' dir='ltr' id='par_1_11' title="bbox 6 2689 1187 2758">
     <span class='ocr_line' id='line_1_25' title="bbox 6 2689 1187 2758; baseline 0 -18"><span class='ocrx_word' id='word_1_197' title='bbox 6 2689 8 2692; x_wconf 81' lang='grc'><strong>’</strong></span> <span class='ocrx_word' id='word_1_198' title='bbox 100 2692 362 2755; x_wconf 65' lang='lat' dir='ltr'><strong>damnandamque</strong></span> <span class='ocrx_word' id='word_1_199' title='bbox 373 2706 464 2743; x_wconf 85' lang='lat' dir='ltr'><strong>mana.</strong></span> <span class='ocrx_word' id='word_1_200' title='bbox 484 2693 626 2755; x_wconf 84' lang='lat' dir='ltr'><strong>Quomodo</strong></span> <span class='ocrx_word' id='word_1_201' title='bbox 664 2692 836 2749; x_wconf 78' lang='lat' dir='ltr'><strong>Nicanorem,</strong></span> <span class='ocrx_word' id='word_1_202' title='bbox 853 2693 1107 2757; x_wconf 70' lang='lat' dir='ltr'><strong>Suttueaequatm,</strong></span> <span class='ocrx_word' id='word_1_203' title='bbox 1126 2695 1187 2758; x_wconf 75' lang='lat' dir='ltr'><strong>«qai</strong></span> 
     </span>
    </p>
   </div>
   <div class='ocr_carea' id='block_1_10' title="bbox 100 2770 1187 2836">
    <p class='ocr_par' dir='ltr' id='par_1_12' title="bbox 100 2770 1187 2836">
     <span class='ocr_line' id='line_1_26' title="bbox 100 2770 1187 2836; baseline 0.002 -16"><span class='ocrx_word' id='word_1_204' title='bbox 100 2770 247 2820; x_wconf 83' lang='lat' dir='ltr'><strong>Santeniue</strong></span> <span class='ocrx_word' id='word_1_205' title='bbox 271 2771 306 2819; x_wconf 88' lang='lat' dir='ltr'><strong>ad</strong></span> <span class='ocrx_word' id='word_1_206' title='bbox 331 2771 486 2822; x_wconf 87' lang='lat' dir='ltr'><strong>Terentiau.</strong></span> <span class='ocrx_word' id='word_1_207' title='bbox 514 2787 541 2836; x_wconf 78' lang='lat' dir='ltr'><strong>p.</strong></span> <span class='ocrx_word' id='word_1_208' title='bbox 562 2773 624 2822; x_wconf 77' lang='lat'><strong>226.</strong></span> <span class='ocrx_word' id='word_1_209' title='bbox 663 2773 775 2820; x_wconf 75' lang='lat' dir='ltr'><strong>satiram</strong></span> <span class='ocrx_word' id='word_1_210' title='bbox 787 2773 905 2834; x_wconf 75' lang='lat' dir='ltr'><strong>scripsit,</strong></span> <span class='ocrx_word' id='word_1_211' title='bbox 924 2774 954 2820; x_wconf 87' lang='lat' dir='ltr'><strong>in</strong></span> <span class='ocrx_word' id='word_1_212' title='bbox 966 2785 1018 2835; x_wconf 74' lang='lat' dir='ltr'><strong>aaa</strong></span> <span class='ocrx_word' id='word_1_213' title='bbox 1030 2773 1150 2824; x_wconf 80' lang='lat' dir='ltr'><strong>libertam</strong></span> <span class='ocrx_word' id='word_1_214' title='bbox 1161 2785 1187 2823; x_wconf 80' lang='lat' dir='ltr'><strong>te</strong></span> 
     </span>
    </p>
   </div>
   <div class='ocr_carea' id='block_1_11' title="bbox 6 2846 1188 2992">
    <p class='ocr_par' dir='ltr' id='par_1_13' title="bbox 6 2846 1188 2992">
     <span class='ocr_line' id='line_1_27' title="bbox 6 2846 1185 2928; baseline 0.002 -30"><span class='ocrx_word' id='word_1_215' title='bbox 6 2901 10 2928; x_wconf 24' lang='grc' dir='ltr'><strong>,ἱ</strong></span> <span class='ocrx_word' id='word_1_216' title='bbox 100 2849 241 2912; x_wconf 76' lang='lat' dir='ltr'><strong>praeferre</strong></span> <span class='ocrx_word' id='word_1_217' title='bbox 250 2849 367 2911; x_wconf 82' lang='lat' dir='ltr'><strong>potuerit</strong></span> <span class='ocrx_word' id='word_1_218' title='bbox 376 2849 460 2900; x_wconf 83' lang='lat' dir='ltr'><strong>Codd.</strong></span> <span class='ocrx_word' id='word_1_219' title='bbox 470 2850 585 2903; x_wconf 81' lang='lat' dir='ltr'><strong>Dourili.</strong></span> <span class='ocrx_word' id='word_1_220' title='bbox 600 2857 627 2900; x_wconf 87' lang='lat' dir='ltr'><strong>et</strong></span> <span class='ocrx_word' id='word_1_221' title='bbox 662 2849 798 2898; x_wconf 78' lang='lat' dir='ltr'><strong>indicabat</strong></span> <span class='ocrx_word' id='word_1_222' title='bbox 811 2846 896 2912; x_wconf 87' lang='lat' dir='ltr'><strong>(Suet.</strong></span> <span class='ocrx_word' id='word_1_223' title='bbox 908 2849 1185 2915; x_wconf 81' lang='lat' dir='ltr'><strong>Gramm.5.)etalion</strong></span> 
     </span>
     <span class='ocr_line' id='line_1_28' title="bbox 6 2927 1188 2992; baseline 0.003 -16"><span class='ocrx_word' id='word_1_224' title='bbox 6 2929 8 2984; x_wconf 78' lang='grc' dir='ltr'><strong><em>ζ</em></strong></span> <span class='ocrx_word' id='word_1_225' title='bbox 101 2927 128 2978; x_wconf 82' lang='lat' dir='ltr'><strong>S.</strong></span> <span class='ocrx_word' id='word_1_226' title='bbox 151 2928 217 2978; x_wconf 88' lang='lat' dir='ltr'><strong>lect.</strong></span> <span class='ocrx_word' id='word_1_227' title='bbox 243 2929 324 2990; x_wconf 86' lang='lat' dir='ltr'><strong>dicit,</strong></span> <span class='ocrx_word' id='word_1_228' title='bbox 357 2931 482 2992; x_wconf 82' lang='lat' dir='ltr'><strong>equidem</strong></span> <span class='ocrx_word' id='word_1_229' title='bbox 508 2944 564 2980; x_wconf 89' lang='lat' dir='ltr'><strong>uon</strong></span> <span class='ocrx_word' id='word_1_230' title='bbox 586 2931 627 2980; x_wconf 88' lang='lat' dir='ltr'><strong>iu·</strong></span> <span class='ocrx_word' id='word_1_231' title='bbox 665 2941 727 2976; x_wconf 84' lang='lat' dir='ltr'><strong>suos</strong></span> <span class='ocrx_word' id='word_1_232' title='bbox 748 2929 875 2991; x_wconf 79' lang='lat' dir='ltr'><strong>aequales</strong></span> <span class='ocrx_word' id='word_1_233' title='bbox 896 2931 974 2978; x_wconf 83' lang='lat' dir='ltr'><strong>nobie</strong></span> <span class='ocrx_word' id='word_1_234' title='bbox 995 2931 1111 2992; x_wconf 75' lang='lat' dir='ltr'><strong>ignotos.</strong></span> <span class='ocrx_word' id='word_1_235' title='bbox 1141 2930 1188 2979; x_wconf 81' lang='lat' dir='ltr'><strong>lii·</strong></span> 
     </span>
    </p>
   </div>
   <div class='ocr_carea' id='block_1_12' title="bbox 100 3004 1186 3151">
    <p class='ocr_par' dir='ltr' id='par_1_14' title="bbox 100 3004 1186 3151">
     <span class='ocr_line' id='line_1_29' title="bbox 100 3004 1186 3069; baseline 0.004 -15"><span class='ocrx_word' id='word_1_236' title='bbox 100 3004 206 3068; x_wconf 80' lang='lat' dir='ltr'><strong>teiligo.</strong></span> <span class='ocrx_word' id='word_1_237' title='bbox 664 3007 735 3056; x_wconf 82' lang='lat' dir='ltr'><strong>versi</strong></span> <span class='ocrx_word' id='word_1_238' title='bbox 752 3007 846 3069; x_wconf 86' lang='lat' dir='ltr'><strong>utique</strong></span> <span class='ocrx_word' id='word_1_239' title='bbox 863 3009 972 3068; x_wconf 81' lang='lat' dir='ltr'><strong>generis</strong></span> <span class='ocrx_word' id='word_1_240' title='bbox 989 3015 1066 3058; x_wconf 87' lang='lat' dir='ltr'><strong>erant</strong></span> <span class='ocrx_word' id='word_1_241' title='bbox 1083 3009 1120 3059; x_wconf 83' lang='grc' dir='ltr'><strong>Μ.</strong></span> <span class='ocrx_word' id='word_1_242' title='bbox 1136 3009 1186 3058; x_wconf 90' lang='lat' dir='ltr'><strong>Te-</strong></span> 
     </span>
     <span class='ocr_line' id='line_1_30' title="bbox 133 3081 1184 3151; baseline 0.003 -18"><span class='ocrx_word' id='word_1_243' title='bbox 133 3081 260 3135; x_wconf 73' lang='lat' dir='ltr'><strong>ne-ta.</strong></span> <span class='ocrx_word' id='word_1_244' title='bbox 287 3083 417 3150; x_wconf 70' lang='lat' dir='ltr'><strong>Viryilio]</strong></span> <span class='ocrx_word' id='word_1_245' title='bbox 437 3087 484 3150; x_wconf 80' lang='lat' dir='ltr'><strong>qui</strong></span> <span class='ocrx_word' id='word_1_246' title='bbox 497 3095 561 3137; x_wconf 89' lang='lat' dir='ltr'><strong>tunc</strong></span> <span class='ocrx_word' id='word_1_247' title='bbox 570 3089 627 3137; x_wconf 88' lang='lat' dir='ltr'><strong>cdi·</strong></span> <span class='ocrx_word' id='word_1_248' title='bbox 664 3085 744 3134; x_wconf 89' lang='lat' dir='ltr'><strong>rentii</strong></span> <span class='ocrx_word' id='word_1_249' title='bbox 759 3085 888 3135; x_wconf 76' lang='lat' dir='ltr'><strong>Varronis</strong></span> <span class='ocrx_word' id='word_1_250' title='bbox 901 3087 1004 3137; x_wconf 86' lang='lat' dir='ltr'><strong>Satirae</strong></span> <span class='ocrx_word' id='word_1_251' title='bbox 1014 3087 1184 3151; x_wconf 65' lang='lat' dir='ltr'><strong>Menippeaa</strong></span> 
     </span>
    </p>
   </div>
   <div class='ocr_carea' id='block_1_13' title="bbox 6 3162 1186 3408">
    <p class='ocr_par' dir='ltr' id='par_1_15' title="bbox 6 3162 1186 3408">
     <span class='ocr_line' id='line_1_31' title="bbox 6 3162 1185 3236; baseline 0.001 -25"><span class='ocrx_word' id='word_1_252' title='bbox 6 3221 8 3236; x_wconf 27' lang='lat' dir='ltr'><strong><em>s</em></strong></span> <span class='ocrx_word' id='word_1_253' title='bbox 101 3162 177 3213; x_wconf 84' lang='lat' dir='ltr'><strong>derat</strong></span> <span class='ocrx_word' id='word_1_254' title='bbox 200 3163 329 3213; x_wconf 85' lang='lat' dir='ltr'><strong>Bucolica</strong></span> <span class='ocrx_word' id='word_1_255' title='bbox 351 3169 378 3214; x_wconf 91' lang='lat' dir='ltr'><strong>et</strong></span> <span class='ocrx_word' id='word_1_256' title='bbox 399 3165 546 3228; x_wconf 84' lang='lat' dir='ltr'><strong>Georgica,</strong></span> <span class='ocrx_word' id='word_1_257' title='bbox 574 3166 627 3215; x_wconf 80' lang='lat' dir='ltr'><strong>Ae·</strong></span> <span class='ocrx_word' id='word_1_258' title='bbox 664 3175 731 3226; x_wconf 83' lang='lat' dir='ltr'><strong>quaa</strong></span> <span class='ocrx_word' id='word_1_259' title='bbox 748 3167 859 3226; x_wconf 78' lang='lat' dir='ltr'><strong>tangere</strong></span> <span class='ocrx_word' id='word_1_260' title='bbox 876 3177 932 3214; x_wconf 89' lang='lat' dir='ltr'><strong>uon</strong></span> <span class='ocrx_word' id='word_1_261' title='bbox 950 3165 1064 3216; x_wconf 84' lang='lat' dir='ltr'><strong>ridetur.</strong></span> <span class='ocrx_word' id='word_1_262' title='bbox 1087 3189 1117 3200; x_wconf 90' lang='lat'>-</span> <span class='ocrx_word' id='word_1_263' title='bbox 1142 3165 1185 3212; x_wconf 84' lang='lat' dir='ltr'><strong>In-</strong></span> 
     </span>
     <span class='ocr_line' id='line_1_32' title="bbox 6 3239 1186 3304; baseline 0.003 -15"><span class='ocrx_word' id='word_1_264' title='bbox 6 3239 7 3272; x_wconf 62' lang='lat' dir='ltr'><strong>t</strong></span> <span class='ocrx_word' id='word_1_265' title='bbox 100 3242 181 3290; x_wconf 87' lang='lat' dir='ltr'><strong>acida</strong></span> <span class='ocrx_word' id='word_1_266' title='bbox 201 3241 230 3290; x_wconf 90' lang='lat' dir='ltr'><strong>iu</strong></span> <span class='ocrx_word' id='word_1_267' title='bbox 250 3245 376 3292; x_wconf 84' lang='lat' dir='ltr'><strong>manibus</strong></span> <span class='ocrx_word' id='word_1_268' title='bbox 403 3244 530 3294; x_wconf 88' lang='lat' dir='ltr'><strong>habebat.</strong></span> <span class='ocrx_word' id='word_1_269' title='bbox 568 3243 625 3293; x_wconf 83' lang='lat' dir='ltr'><strong>litis</strong></span> <span class='ocrx_word' id='word_1_270' title='bbox 663 3248 768 3291; x_wconf 83' lang='lat' dir='ltr'><strong>venture</strong></span> <span class='ocrx_word' id='word_1_271' title='bbox 798 3243 899 3303; x_wconf 82' lang='lat' dir='ltr'><strong>minor]</strong></span> <span class='ocrx_word' id='word_1_272' title='bbox 937 3243 1028 3292; x_wconf 76' lang='lat' dir='ltr'><strong>«Sane</strong></span> <span class='ocrx_word' id='word_1_273' title='bbox 1059 3257 1109 3304; x_wconf 83' lang='lat' dir='ltr'><strong>ego</strong></span> <span class='ocrx_word' id='word_1_274' title='bbox 1141 3256 1186 3292; x_wconf 86' lang='lat' dir='ltr'><strong>ma</strong></span> 
     </span>
     <span class='ocr_line' id='line_1_33' title="bbox 6 3319 1186 3408; baseline 0.001 -40"><span class='ocrx_word' id='word_1_275' title='bbox 6 3337 8 3408; x_wconf 45' lang='grc' dir='ltr'>ξ</span> <span class='ocrx_word' id='word_1_276' title='bbox 100 3321 192 3370; x_wconf 80' lang='lat' dir='ltr'><strong>tribuit</strong></span> <span class='ocrx_word' id='word_1_277' title='bbox 211 3321 320 3370; x_wconf 89' lang='lat' dir='ltr'><strong>dicendi</strong></span> <span class='ocrx_word' id='word_1_278' title='bbox 342 3334 428 3382; x_wconf 84' lang='lat' dir='ltr'><strong>genus</strong></span> <span class='ocrx_word' id='word_1_279' title='bbox 446 3323 522 3372; x_wconf 84' lang='lat' dir='ltr'><strong>molle</strong></span> <span class='ocrx_word' id='word_1_280' title='bbox 541 3319 626 3385; x_wconf 86' lang='lat' dir='ltr'><strong>(tena-</strong></span> <span class='ocrx_word' id='word_1_281' title='bbox 664 3325 795 3383; x_wconf 84' lang='lat' dir='ltr'><strong>postpono</strong></span> <span class='ocrx_word' id='word_1_282' title='bbox 815 3319 919 3369; x_wconf 87' lang='lat' dir='ltr'><strong>Lucilio</strong></span> <span class='ocrx_word' id='word_1_283' title='bbox 941 3321 983 3371; x_wconf 89' lang='lat' dir='ltr'><strong>ret</strong></span> <span class='ocrx_word' id='word_1_284' title='bbox 1005 3324 1114 3384; x_wconf 82' lang='lat' dir='ltr'><strong>propter</strong></span> <span class='ocrx_word' id='word_1_285' title='bbox 1135 3322 1186 3369; x_wconf 90' lang='lat' dir='ltr'><strong>boc</strong></span> 
     </span>
    </p>
   </div>
   <div class='ocr_carea' id='block_1_14' title="bbox 99 3395 1186 3697">
    <p class='ocr_par' dir='ltr' id='par_1_16' title="bbox 99 3395 1186 3697">
     <span class='ocr_line' id='line_1_34' title="bbox 99 3395 1184 3463; baseline -0.001 -16"><span class='ocrx_word' id='word_1_286' title='bbox 99 3395 177 3461; x_wconf 89' lang='lat' dir='ltr'><strong>rum)</strong></span> <span class='ocrx_word' id='word_1_287' title='bbox 207 3403 287 3462; x_wconf 87' lang='lat' dir='ltr'><strong>atque</strong></span> <span class='ocrx_word' id='word_1_288' title='bbox 307 3401 420 3462; x_wconf 69' lang='lat' dir='ltr'><strong>facetam</strong></span> <span class='ocrx_word' id='word_1_289' title='bbox 449 3397 624 3463; x_wconf 72' lang='lat' dir='ltr'><strong>(reunitum,</strong></span> <span class='ocrx_word' id='word_1_290' title='bbox 664 3400 768 3462; x_wconf 82' lang='lat' dir='ltr'><strong>ipsum,</strong></span> <span class='ocrx_word' id='word_1_291' title='bbox 789 3399 859 3460; x_wconf 89' lang='lat' dir='ltr'><strong>quod</strong></span> <span class='ocrx_word' id='word_1_292' title='bbox 874 3399 1023 3459; x_wconf 82' lang='lat' dir='ltr'><strong>boagenus</strong></span> <span class='ocrx_word' id='word_1_293' title='bbox 1042 3397 1184 3454; x_wconf 84' lang='lat' dir='ltr'><strong>eaiorma,</strong></span> 
     </span>
     <span class='ocr_line' id='line_1_35' title="bbox 99 3475 1186 3540; baseline -0.001 -15"><span class='ocrx_word' id='word_1_294' title='bbox 99 3477 206 3526; x_wconf 80' lang='lat' dir='ltr'><strong>notter</strong></span> <span class='ocrx_word' id='word_1_295' title='bbox 219 3476 396 3540; x_wconf 49' lang='lat' dir='ltr'><strong>lamatio.)</strong></span> <span class='ocrx_word' id='word_1_296' title='bbox 416 3478 545 3540; x_wconf 84' lang='lat' dir='ltr'><strong>Quinctil.</strong></span> <span class='ocrx_word' id='word_1_297' title='bbox 559 3478 586 3535; x_wconf 84' lang='grc'><strong>6,</strong></span> <span class='ocrx_word' id='word_1_298' title='bbox 598 3479 624 3538; x_wconf 81' lang='grc'><strong>3,</strong></span> <span class='ocrx_word' id='word_1_299' title='bbox 664 3490 716 3539; x_wconf 87' lang='lat' dir='ltr'><strong>qua</strong></span> <span class='ocrx_word' id='word_1_300' title='bbox 733 3476 847 3524; x_wconf 86' lang='lat' dir='ltr'><strong>nuncin</strong></span> <span class='ocrx_word' id='word_1_301' title='bbox 860 3475 956 3523; x_wconf 76' lang='lat' dir='ltr'><strong>titteris</strong></span> <span class='ocrx_word' id='word_1_302' title='bbox 973 3476 1074 3524; x_wconf 84' lang='lat' dir='ltr'><strong>Latinis</strong></span> <span class='ocrx_word' id='word_1_303' title='bbox 1087 3476 1186 3524; x_wconf 82' lang='lat' dir='ltr'><strong>eonati-</strong></span> 
     </span>
     <span class='ocr_line' id='line_1_36' title="bbox 100 3553 1184 3620; baseline -0.001 -16"><span class='ocrx_word' id='word_1_304' title='bbox 100 3555 149 3604; x_wconf 79' lang='lat'><strong>20:</strong></span> <span class='ocrx_word' id='word_1_305' title='bbox 183 3555 341 3606; x_wconf 87' lang='lat' dir='ltr'><strong>Facetam</strong></span> <span class='ocrx_word' id='word_1_306' title='bbox 367 3571 465 3620; x_wconf 76' lang='lat' dir='ltr'><strong>qaoque</strong></span> <span class='ocrx_word' id='word_1_307' title='bbox 487 3569 542 3606; x_wconf 84' lang='lat' dir='ltr'><strong>non</strong></span> <span class='ocrx_word' id='word_1_308' title='bbox 567 3563 626 3606; x_wconf 86' lang='lat' dir='ltr'><strong>tan·</strong></span> <span class='ocrx_word' id='word_1_309' title='bbox 663 3559 750 3604; x_wconf 90' lang='lat' dir='ltr'><strong>tutum</strong></span> <span class='ocrx_word' id='word_1_310' title='bbox 767 3557 821 3613; x_wconf 83' lang='lat' dir='ltr'><strong>est,</strong></span> <span class='ocrx_word' id='word_1_311' title='bbox 853 3553 955 3616; x_wconf 84' lang='lat' dir='ltr'><strong>primus</strong></span> <span class='ocrx_word' id='word_1_312' title='bbox 981 3554 1132 3604; x_wconf 84' lang='lat' dir='ltr'><strong>tractavit.»</strong></span> <span class='ocrx_word' id='word_1_313' title='bbox 1153 3577 1184 3590; x_wconf 91' lang='lat'>-</span> 
     </span>
     <span class='ocr_line' id='line_1_37' title="bbox 99 3628 1185 3697; baseline -0.001 -14"><span class='ocrx_word' id='word_1_314' title='bbox 99 3640 154 3683; x_wconf 86' lang='lat' dir='ltr'><strong>tam</strong></span> <span class='ocrx_word' id='word_1_315' title='bbox 170 3634 364 3684; x_wconf 60' lang='lat' dir='ltr'><strong>circumiendo</strong></span> <span class='ocrx_word' id='word_1_316' title='bbox 377 3637 470 3697; x_wconf 78' lang='lat' dir='ltr'><strong>ope&#39;nor</strong></span> <span class='ocrx_word' id='word_1_317' title='bbox 478 3637 624 3685; x_wconf 67' lang='lat' dir='ltr'><strong>constetne.</strong></span> <span class='ocrx_word' id='word_1_318' title='bbox 663 3628 836 3694; x_wconf 84' lang='lat' dir='ltr'><strong>Haerentem]</strong></span> <span class='ocrx_word' id='word_1_319' title='bbox 867 3633 913 3682; x_wconf 85' lang='lat' dir='ltr'><strong>«oi</strong></span> <span class='ocrx_word' id='word_1_320' title='bbox 935 3634 1032 3683; x_wconf 86' lang='lat' dir='ltr'><strong>merito</strong></span> <span class='ocrx_word' id='word_1_321' title='bbox 1051 3634 1185 3694; x_wconf 83' lang='lat' dir='ltr'><strong>debitam,</strong></span> 
     </span>
    </p>
   </div>
   <div class='ocr_carea' id='block_1_15' title="bbox 6 3711 1186 3776">
    <p class='ocr_par' dir='ltr' id='par_1_17' title="bbox 6 3711 1186 3776">
     <span class='ocr_line' id='line_1_38' title="bbox 6 3711 1186 3776; baseline -0.002 -14"><span class='ocrx_word' id='word_1_322' title='bbox 6 3721 7 3724; x_wconf 77' lang='grc'>’</span> <span class='ocrx_word' id='word_1_323' title='bbox 100 3713 183 3776; x_wconf 73' lang='lat' dir='ltr'><strong>Nouae</strong></span> <span class='ocrx_word' id='word_1_324' title='bbox 201 3715 270 3761; x_wconf 86' lang='lat' dir='ltr'><strong>enim</strong></span> <span class='ocrx_word' id='word_1_325' title='bbox 281 3713 379 3761; x_wconf 83' lang='lat' dir='ltr'><strong>diceret</strong></span> <span class='ocrx_word' id='word_1_326' title='bbox 400 3712 529 3762; x_wconf 76' lang='lat' dir='ltr'><strong>Horatiae</strong></span> <span class='ocrx_word' id='word_1_327' title='bbox 544 3715 626 3776; x_wconf 77' lang='lat' dir='ltr'><strong>sace·</strong></span> <span class='ocrx_word' id='word_1_328' title='bbox 664 3711 783 3772; x_wconf 82' lang='lat' dir='ltr'><strong>adeant,</strong></span> <span class='ocrx_word' id='word_1_329' title='bbox 798 3711 973 3762; x_wconf 77' lang='lat' dir='ltr'><strong>nenivetlem</strong></span> <span class='ocrx_word' id='word_1_330' title='bbox 987 3713 1107 3775; x_wconf 88' lang='lat' dir='ltr'><strong>quidem,</strong></span> <span class='ocrx_word' id='word_1_331' title='bbox 1123 3725 1186 3762; x_wconf 90' lang='lat' dir='ltr'><strong>eam</strong></span> 
     </span>
    </p>
   </div>
   <div class='ocr_carea' id='block_1_16' title="bbox 98 3789 1187 4168">
    <p class='ocr_par' dir='ltr' id='par_1_18' title="bbox 99 3789 1090 3854">
     <span class='ocr_line' id='line_1_39' title="bbox 99 3789 1090 3854; baseline -0.001 -16"><span class='ocrx_word' id='word_1_332' title='bbox 99 3795 165 3839; x_wconf 87' lang='lat' dir='ltr'><strong>tam</strong></span> <span class='ocrx_word' id='word_1_333' title='bbox 183 3792 399 3854; x_wconf 72' lang='lat' dir='ltr'><strong>carminiaaenae</strong></span> <span class='ocrx_word' id='word_1_334' title='bbox 414 3798 513 3840; x_wconf 83' lang='lat' dir='ltr'><strong>natura</strong></span> <span class='ocrx_word' id='word_1_335' title='bbox 528 3803 627 3840; x_wconf 76' lang='lat' dir='ltr'><strong>conare·</strong></span> <span class='ocrx_word' id='word_1_336' title='bbox 663 3791 715 3839; x_wconf 85' lang='lat' dir='ltr'><strong>hac</strong></span> <span class='ocrx_word' id='word_1_337' title='bbox 727 3789 808 3840; x_wconf 88' lang='lat' dir='ltr'><strong>laude</strong></span> <span class='ocrx_word' id='word_1_338' title='bbox 819 3790 936 3853; x_wconf 81' lang='lat' dir='ltr'><strong>spoliare</strong></span> <span class='ocrx_word' id='word_1_339' title='bbox 949 3799 1090 3854; x_wconf 77' lang='lat' dir='ltr'><strong>possem.»</strong></span> 
     </span>
    </p>

    <p class='ocr_par' dir='ltr' id='par_1_19' title="bbox 98 3867 1049 3932">
     <span class='ocr_line' id='line_1_40' title="bbox 98 3867 1049 3932; baseline 0.001 -16"><span class='ocrx_word' id='word_1_340' title='bbox 98 3881 154 3916; x_wconf 78' lang='lat' dir='ltr'><strong>cam</strong></span> <span class='ocrx_word' id='word_1_341' title='bbox 165 3882 219 3919; x_wconf 77' lang='lat' dir='ltr'><strong>eene</strong></span> <span class='ocrx_word' id='word_1_342' title='bbox 232 3868 357 3932; x_wconf 68' lang='lat' dir='ltr'><strong>Viroitio.</strong></span> <span class='ocrx_word' id='word_1_343' title='bbox 379 3867 485 3917; x_wconf 69' lang='lat' dir='ltr'><strong>Decor-ie</strong></span> <span class='ocrx_word' id='word_1_344' title='bbox 496 3870 562 3917; x_wconf 82' lang='lat' dir='ltr'><strong>bane</strong></span> <span class='ocrx_word' id='word_1_345' title='bbox 570 3881 626 3916; x_wconf 87' lang='lat' dir='ltr'><strong>ma-</strong></span> <span class='ocrx_word' id='word_1_346' title='bbox 1048 3915 1049 3924; x_wconf 69' lang='grc'><strong>,</strong></span> 
     </span>
    </p>

    <p class='ocr_par' dir='ltr' id='par_1_20' title="bbox 98 3941 1187 4168">
     <span class='ocr_line' id='line_1_41' title="bbox 98 3941 1185 4010; baseline 0.003 -16"><span class='ocrx_word' id='word_1_347' title='bbox 98 3947 137 4010; x_wconf 74' lang='lat' dir='ltr'><strong>ais</strong></span> <span class='ocrx_word' id='word_1_348' title='bbox 151 3953 176 3997; x_wconf 87' lang='lat' dir='ltr'><strong>et</strong></span> <span class='ocrx_word' id='word_1_349' title='bbox 193 3947 466 3996; x_wconf 78' lang='lat' dir='ltr'><strong>eaecitaeeaiaedam</strong></span> <span class='ocrx_word' id='word_1_350' title='bbox 483 3945 627 4010; x_wconf 71' lang='lat' dir='ltr'><strong>eteqanttae</strong></span> <span class='ocrx_word' id='word_1_351' title='bbox 698 3945 823 3996; x_wconf 75' lang='lat' dir='ltr'><strong>att—55.</strong></span> <span class='ocrx_word' id='word_1_352' title='bbox 857 3941 953 4010; x_wconf 70' lang='lat' dir='ltr'><strong>tinere]</strong></span> <span class='ocrx_word' id='word_1_353' title='bbox 985 3945 1039 3996; x_wconf 86' lang='lat' dir='ltr'><strong>Sat.</strong></span> <span class='ocrx_word' id='word_1_354' title='bbox 1053 3949 1080 4008; x_wconf 85' lang='lat'><strong>1,</strong></span> <span class='ocrx_word' id='word_1_355' title='bbox 1093 3947 1120 4008; x_wconf 75' lang='grc'><strong>1,</strong></span> <span class='ocrx_word' id='word_1_356' title='bbox 1143 3949 1185 3998; x_wconf 92' lang='grc'><strong>11.</strong></span> 
     </span>
     <span class='ocr_line' id='line_1_42' title="bbox 99 4023 1186 4087; baseline -0.001 -15"><span class='ocrx_word' id='word_1_357' title='bbox 99 4025 304 4086; x_wconf 73' lang='lat' dir='ltr'><strong>appeliationem</strong></span> <span class='ocrx_word' id='word_1_358' title='bbox 313 4029 391 4086; x_wconf 76' lang='lat' dir='ltr'><strong>preto.</strong></span> <span class='ocrx_word' id='word_1_359' title='bbox 411 4025 521 4087; x_wconf 80' lang='lat' dir='ltr'><strong>ideoque</strong></span> <span class='ocrx_word' id='word_1_360' title='bbox 532 4025 561 4071; x_wconf 86' lang='lat' dir='ltr'><strong>in</strong></span> <span class='ocrx_word' id='word_1_361' title='bbox 573 4023 627 4084; x_wconf 85' lang='lat' dir='ltr'><strong>epi·</strong></span> <span class='ocrx_word' id='word_1_362' title='bbox 666 4023 808 4072; x_wconf 77' lang='lat' dir='ltr'><strong>«torrentia</strong></span> <span class='ocrx_word' id='word_1_363' title='bbox 826 4023 911 4073; x_wconf 77' lang='lat' dir='ltr'><strong>instar</strong></span> <span class='ocrx_word' id='word_1_364' title='bbox 928 4037 1021 4074; x_wconf 86' lang='lat' dir='ltr'><strong>secum</strong></span> <span class='ocrx_word' id='word_1_365' title='bbox 1034 4026 1186 4074; x_wconf 87' lang='lat' dir='ltr'><strong>trahentem</strong></span> 
     </span>
     <span class='ocr_line' id='line_1_43' title="bbox 98 4101 1187 4168; baseline -0.001 -17"><span class='ocrx_word' id='word_1_366' title='bbox 98 4103 267 4154; x_wconf 68' lang='lat' dir='ltr'><strong>enunciare</strong></span> <span class='ocrx_word' id='word_1_367' title='bbox 279 4104 343 4154; x_wconf 77' lang='lat' dir='ltr'><strong>baec</strong></span> <span class='ocrx_word' id='word_1_368' title='bbox 356 4101 433 4153; x_wconf 72' lang='lat' dir='ltr'><strong>amre</strong></span> <span class='ocrx_word' id='word_1_369' title='bbox 442 4101 625 4168; x_wconf 71' lang='lat' dir='ltr'><strong>refertaerba:</strong></span> <span class='ocrx_word' id='word_1_370' title='bbox 664 4101 742 4164; x_wconf 80' lang='lat' dir='ltr'><strong>ptura</strong></span> <span class='ocrx_word' id='word_1_371' title='bbox 767 4101 877 4164; x_wconf 83' lang='lat' dir='ltr'><strong>quidem</strong></span> <span class='ocrx_word' id='word_1_372' title='bbox 901 4102 1047 4153; x_wconf 81' lang='lat' dir='ltr'><strong>recidenda</strong></span> <span class='ocrx_word' id='word_1_373' title='bbox 1074 4113 1187 4153; x_wconf 73' lang='lat' dir='ltr'><strong>terran-</strong></span> 
     </span>
    </p>
   </div>
   <div class='ocr_carea' id='block_1_17' title="bbox 0 0 1432 4782">
    <p class='ocr_par' dir='ltr' id='par_1_21' title="bbox 0 0 1432 4782">
     <span class='ocr_line' id='line_1_44' title="bbox 0 0 1432 4782; baseline 0 0"><span class='ocrx_word' id='word_1_374' title='bbox 0 0 1432 4782; x_wconf 95' lang='lat' dir='ltr'><strong> </strong></span> 
     </span>
    </p>
   </div>
  </div>
 </body>
</html>
