2856 4782
224 295 291 367 ‘94
621 315 757 364 nonaru
779 317 978 366 carinarum

232 453 287 524 Sit
307 456 412 539 facie,
433 473 529 540 sura,
551 456 638 541 quali
660 454 764 541 pede,
787 454 908 541 dente,
931 457 1068 541 capillo:

233 573 293 646 Sic
316 578 370 663 qui
392 577 556 662 promittit
578 577 689 663 cives,
710 577 824 644 urbem
847 577 910 644 sibi
932 595 1051 665 curae,
1411 658 1412 677 χ

231 699 408 784 Imperium
429 699 503 764 fore
526 699 560 762 51
581 696 715 762 Italiam
738 698 772 762 et
795 695 934 762 delubra
956 695 1109 778 deorum,
1276 690 1319 753 85
1411 679 1412 748 1

233 817 307 900 Quo
329 822 426 905 patre
448 819 493 883 sit
514 821 632 905 natus,
655 836 731 881 num
754 817 872 906 ignota
893 819 999 883 matre
1020 817 1237 902 inhonestus,

233 938 358 1006 Omnes
379 941 538 1004 mortales
560 955 679 1004 curare
701 939 736 1003 et
759 953 921 1022 quaerere
944 939 1047 1026 cogit.

233 1061 328 1127 'lune
350 1055 449 1147 Syri,
471 1060 598 1125 Damae
620 1060 678 1146 aut
699 1058 842 1144 Dionysi
864 1058 967 1144 lilius,
988 1057 1094 1124 audes

233 1181 387 1248 Deiicere
411 1198 429 1245 e
452 1197 535 1244 saxo
559 1180 653 1245 cives
674 1182 732 1243 aut
755 1178 890 1244 tradere
913 1170 1064 1246 Cadmo?

233 1301 284 1365 At
304 1301 434 1366 Novius
456 1301 588 1388 collega
609 1298 720 1388 gradu
741 1301 819 1384 post
841 1317 895 1364 me
914 1299 1011 1366 sedet
1033 1317 1117 1382 uno;
1279 1296 1323 1358 lo

232 1421 383 1506 Namque
397 1423 449 1486 est
464 1421 535 1499 ille,
558 1422 656 1504 pater
671 1418 845 1505 quoderat
861 1439 963 1486 meus.
984 1420 1059 1486 Hoc
1071 1421 1134 1490 ¹tibi
1144 1419 1286 1486 Paullus

233 1541 280 1606 Et
301 1540 455 1606 Messala
476 1532 630 1606 videris?
651 1539 702 1603 At
723 1539 792 1626 hic,
814 1541 843 1604 si
865 1542 997 1626 plostra
1019 1540 1164 1607 ducenta

233 1655 509 1746 concurrantque
531 1659 621 1725 Foro
644 1661 710 1725 tria
731 1660 866 1742 funera,
887 1678 1009 1748 magna
1031 1662 1165 1726 sonabit

287 1836 308 1886 1.
345 1851 373 1888 r.
393 1833 437 1885 35.
465 1833 573 1883 ltaliam
590 1833 699 1884 5515155
716 1833 780 1885 bsc.
817 1846 844 1887 5.
863 1834 908 1886 31.
935 1841 1012 1900 55551
1035 1837 1258 1900 supersecuta.
1279 1849 1322 1887 co·

233 1909 282 1970 put
300 1911 333 1954 a:
361 1919 389 1957 5.
409 1904 453 1955 89.
472 1905 576 1953 Ducere
594 1903 625 1953 de
643 1917 667 1954 5.
979 1899 982 1908 '

218 2071 222 2074 .
249 2069 251 2073 ¹
275 2011 311 2061 11.
348 2024 375 2062 5.
395 2009 440 2060 35.
459 2007 582 2072 ltaliam,
602 2008 711 2060 delubro
728 2009 759 2062 F.

235 2153 396 2220 particulam
415 2153 518 2202 dicunt.
537 2177 570 2189 -
588 2147 759 2220 5555,55511
797 2152 853 2204 Cic.
875 2153 910 2202 ad
929 2149 984 2203 Aa.
1007 2151 1050 2216 ld,
1072 2153 1116 2204 15.
1141 2179 1173 2190 -
1201 2154 1320 2220 Cadmo]

232 2231 313 2298 pede]
332 2232 387 2283 allii
401 2231 579 2294 distinguunt,
598 2231 757 2294 sumqoolt,
798 2231 935 2282 «Cadmus
950 2232 1323 2297 dicitnreotemporcluissc
1365 2277 1368 2286 .

232 2313 313 2376 pede,
332 2315 426 2361 contra
438 2311 494 2363 uim
505 2320 643 2360 caesurae.
656 2332 687 2344 -
697 2320 759 2372 pro·
797 2310 916 2360 carnifex
927 2297 1007 2361 notae
1014 2312 1207 2361 crudelitatis.»
1219 2314 1319 2364 Senon.

235 2386 336 2453 mittit]
362 2390 448 2441 «dum
465 2389 623 2438 candidatus
640 2389 759 2439 honores
798 2386 958 2451 -uouaal
985 2391 1086 2443 Norlus
1096 2391 1180 2454 Niger
1193 2397 1322 2455 quaestor

236 2471 315 2534 petit,
336 2473 565 2533 quaesoquuntur
582 2467 713 2530 promittit
723 2467 759 2515 oi·
797 2468 906 2517 circiter
917 2469 1180 2533 a.u.c.691.,quem
1190 2471 1318 2521 nonnulli
1415 2507 1416 2510 ,

124 2613 128 2619 ἡ
235 2549 313 2601 ribus
323 2549 408 2598 5515.»
424 2545 505 2598 Vides
516 2547 657 2596 Horatium
666 2545 760 2594 ctiam·
797 2547 850 2595 hnc
867 2547 992 2604 trahunt,
1020 2560 1086 2597 sane
1110 2549 1145 2596 ab
1169 2549 1322 2599 Horatiano

235 2633 300 2678 tunc
314 2628 390 2690 loqui
407 2627 481 2679 relut
492 2631 583 2678 vetere
595 2637 625 2674 re
639 2623 757 2685 publica.
798 2625 918 2676 diversus
936 2628 988 2674 est.
1026 2626 1085 2674 1155
1103 2626 1185 2676 dicit:
1206 2627 1257 2676 ((11
1270 2641 1321 2689 ego

238 2728 269 2743 -
288 2708 381 2770 tpaoto
409 2702 514 2766 matre]
546 2703 589 2752 Sic
617 2701 692 2761 atta,
718 2701 757 2751 M.
798 2702 892 2752 saltem
913 2703 1003 2752 minus
1026 2704 1142 2754 obscuro
1162 2703 1224 2755 loco
1245 2712 1321 2766 ortus

235 2780 577 2839 1151151111515151555,
598 2779 759 2828 materCae·
797 2794 857 2829 sum
875 2794 956 2845 quam
974 2783 1088 2843 Novius,
1114 2783 1220 2846 collega
1243 2797 1321 2834 meus

236 2863 305 2911 saris
318 2859 472 2919 Octauiani,
492 2858 557 2908 huic
571 2862 709 2919 tamquam
721 2855 760 2904 15·
798 2860 826 2908 iu
841 2860 995 2920 tribunatu;
1015 2875 1066 2923 ego
1086 2861 1228 2912 libertinus
1249 2876 1321 2923 sum,

235 2942 312 2990 mina
331 2941 463 2988 obscurae
484 2937 596 2999 originis
615 2935 760 2984 5151151515-
798 2937 844 2987 1115
861 2939 1004 2988 libertus.»
1024 2940 1161 2990 lacertum
1177 2946 1268 2991 autem
1281 2955 1322 2992 re·

236 3024 280 3069 tur
298 3017 363 3069 aM.
382 3015 511 3066 Antonio.
538 3015 594 3065 Cic.
608 3013 678 3064 Phil.
692 3014 717 3076 3,
731 3013 757 3074 6,
785 3022 908 3084 manet,
945 3023 1037 3066 utrum
1072 3033 1115 3070 55.
1148 3020 1320 3082 significent:

237 3097 280 3148 16.
301 3121 333 3132 -
360 3091 447 3160 sopit]
480 3094 575 3144 «aliter
599 3092 689 3142 lacere
715 3093 759 3144 uix
799 3095 891 3157 «Ego,
924 3100 1066 3158 postquam
1095 3104 1205 3148 senator
1233 3099 1322 3148 155155

236 3180 364 3240 possunt,
386 3174 451 3238 quin
472 3170 631 3237 quaerantur
799 3187 872 3233 sum,
894 3175 974 3224 sedeo
994 3175 1021 3224 in
1041 3176 1194 3237 orchestra,
1223 3177 1322 3227 111511·

271 3252 401 3304 38-41.
440 3247 528 3312 Tuae]
553 3251 641 3313 inquit
661 3248 759 3312 aliquis
798 3253 904 3311 bertus,
925 3265 1008 3314 eques
1028 3267 1102 3303 nunc
1119 3256 1273 3318 Romanus,
1294 3257 1322 3306 in

236 3347 268 3385 ex
284 3333 394 3398 populo.
416 3355 447 3366 -
474 3330 556 3394 Spauta
574 3334 678 3389 autem,
705 3328 760 3376 rto·
798 3329 1013 3393 quattuordecim
1030 3333 1172 3394 gradibus,
1191 3334 1252 3397 lege
1272 3336 1323 3385 lto-

235 3427 297 3469 mo‚
325 3411 483 3474 Dionysius,
518 3407 596 3458 solita
621 3419 760 3457 terronam
799 3409 853 3457 scia
881 3411 1000 3471 equestri
1023 3411 1113 3460 ordini
1133 3414 1321 3476 assignatisan

236 3487 360 3542 nomina.
382 3513 412 3524 —
431 3483 675 3547 Β511555551555]
695 3485 761 3534 Tar·
790 3499 849 3535 an:
871 3486 945 3548 «Ego
954 3489 1096 3551 equesllo.
1107 3492 1188 3541 sedeo
1199 3492 1227 3540 in
1237 3491 1322 3552 xlv„

237 3569 315 3634 peio,
334 3569 378 3620 vel
390 3572 421 3617 ut
430 3567 555 3617 triumvir
564 3563 696 3627 capitalis,
716 3562 761 3614 rel
799 3565 844 3614 ille
865 3565 936 3614 inter
950 3567 1118 3632 populumtq
1138 3583 1173 3619 an
1192 3571 1321 3634 denique,

236 3648 325 3712 potius
339 3646 463 3696 tribunus
475 3645 512 3709 pl.
534 3641 701 3706 Supplicium
714 3653 761 3688 au·
799 3647 827 3691 ut
837 3643 952 3703 explicat
964 3643 1055 3696 Coum.
1070 3646 1170 3706 Caua:
1193 3649 1239 3698 ain
1250 3649 1320 3699 XIV.

237 3733 292 3778 tem
317 3725 384 3776 illud
409 3739 465 3775 non
486 3733 596 3788 prorsus
621 3717 760 3768 insolitum
799 3721 874 3770 sedet
891 3735 947 3771 uno
964 3725 1050 3786 gradu
1067 3731 1126 3788 post
1141 3740 1200 3788 me,
1221 3727 1321 3789 idest,

236 3807 385 3857 etiamtunc
405 3804 502 3864 151555,
521 3801 653 3850 monstrat
673 3807 761 3846 exem·
799 3797 957 3850 iuferiora.»
1002 3802 1141 3853 Eiusmodi
1161 3793 1324 3856 551555155-

237 3885 313 3949 plum
330 3883 361 3933 P.
384 3880 556 3938 Dolabellae,
576 3877 622 3940 qul
641 3888 667 3924 5.
685 3887 714 3922 5.
734 3887 759 3923 5.
799 3888 845 3926 rae
861 3877 925 3940 lilii,
952 3881 1077 3930 homines
1099 3885 1221 3948 prorupti
1242 3889 1323 3948 atque

235 3964 297 4015 ⁹110.
318 3961 444 4012 homines
460 3956 578 4020 perditos
600 3951 761 4002 5555511115-
799 3956 930 4018 audaces,
954 3958 1104 4022 Sasernae,
1126 3961 1254 4012 Decidius
1277 3963 1324 4014 Sa·

236 4055 298 4100 555,
316 4039 417 4089 1115555
434 4037 545 4086 (155555
560 4031 678 4095 Tarpeio
695 4031 761 4079 deii·
799 4047 848 4095 xa,
868 4036 1045 4101 Volusienua,
1066 4053 1114 4102 per·
1131 4041 1276 4092 Caesarem
1289 4043 1324 4093 ad

234 4119 278 4180 ci,
304 4129 396 4170 servm
422 4113 451 4163 in
472 4121 581 4163 crucem
604 4110 648 4172 agi
673 4109 759 4160 155511.
800 4113 963 4165 senatorum
1001 4117 1158 4180 dignitatem
1194 4133 1324 4183 pervene-
