2822 4794
243 293 297 364 te
608 313 748 363 nonarn
770 315 974 363 sermonen

244 453 385 538 Quidem
407 453 471 541 ait,
492 453 632 543 ignores
653 446 720 520 tel
743 473 787 520 en
809 459 847 521 ut
869 457 1019 555 ignotum
1043 457 1124 524 dare
1147 455 1243 524 nobie

237 577 359 644 'Verbo
380 568 511 662 putas?
531 575 677 662 Egomet
698 577 740 641 mi
763 579 923 666 ignosco,
949 579 1108 645 Maenius
1130 579 1244 664 lnquit.

245 695 379 768 Stultus
400 701 435 764 et
457 695 702 782 improbaehic
724 716 817 778 umor
838 703 891 765 eet
912 699 1101 790 dignusque
1123 704 1243 767 notari.

241 799 326 888 ,cum
348 824 407 886 tue
427 818 608 907 pervideas
629 819 736 886 oculis
758 821 844 886 nala
866 822 978 906 lippus
999 795 1161 946 inunctis,
1291 819 1332 881 25

300 961 908 1061 1.cen.nortpertumsuperscr.urb.
949 995 985 1060 (v
1006 999 1049 1050 25.
1071 997 1179 1050 Habent
1194 999 1334 1106 pervideas

247 1071 273 1118 et
288 1067 363 1118 mula
380 1062 477 1130 llec.)

275 1174 326 1225 111.
363 1188 389 1225 r.
409 1173 455 1224 25.
476 1173 637 1236 mamaeae
660 1186 723 1224 cnm
747 1171 813 1224 God
841 1173 942 1237 Regiae
960 1173 1022 1226 Soc.
1042 1107 1178 1238 liutgersii
1197 1176 1270 1228 coni.
1289 1175 1334 1226 tir·

247 1250 349 1295 mente.
368 1233 439 1294 ibid.
458 1244 526 1294 male
544 1257 560 1294 e
579 1237 663 1295 Codd.

248 1380 333 1431 voluit
357 1385 384 1429 et
410 1379 532 1442 reposuit
553 1378 625 1430 band
648 1379 770 1438 minoro;
786 1381 791 1448 Ι
808 1377 901 1429 omnia
926 1391 969 1429 vr.
993 1378 1117 1430 iti-37.
1146 1379 1334 1430 interlocutori
1401 1403 1402 1448 p

248 1456 330 1522 quem
344 1459 473 1521 deinceps
486 1458 610 1522 plerique
622 1471 717 1510 omnes
730 1457 771 1505 ni·
808 1457 917 1509 cuidam
931 1457 1037 1508 Horatii
1047 1459 1233 1508 narrationem
1241 1459 1278 1510 de
1291 1460 1335 1508 Ti·
1401 1491 1402 1518 3

248 1539 333 1587 mium
352 1539 486 1600 patienter
503 1538 589 1587 secuti
607 1542 679 1587 eunt.
700 1535 770 1598 Quid
810 1535 892 1598 gellio
914 1537 1098 1600 interpellanti
1120 1542 1146 1586 et
1170 1539 1204 1591 ad
1225 1539 1334 1602 propria
1401 1549 1402 1552 ’

248 1617 341 1666 enimi
359 1629 394 1667 an
408 1616 538 1666 credibile
557 1622 597 1666 est
607 1615 771 1666 hocsaasum
809 1615 874 1664 vitia
884 1615 972 1677 ipsum
983 1617 1121 1666 revocanti
1134 1617 1237 1678 tribuit,
1252 1631 1335 1680 quern
1401 1643 1402 1676 ,

248 1707 308 1746 erse
329 1696 493 1746 Horatium?
512 1697 638 1748 auaritia
654 1705 710 1744 non
723 1694 773 1742 mi·
809 1695 851 1744 his
868 1695 959 1745 verbis
975 1695 1074 1744 acriter
1090 1696 1118 1744 in
1140 1696 1228 1758 ipsum
1242 1697 1334 1748 invebi
1401 1691 1402 1752 l

248 1785 316 1824 nora
337 1775 487 1834 caeciliis,
514 1789 585 1838 quac
608 1776 636 1824 in
656 1773 772 1836 Tigellio
810 1773 913 1834 lingat:
935 1773 1021 1834 «Quid
1045 1759 1228 1824 tutnnllane
1249 1776 1335 1824 habes
1401 1757 1402 1780 ¹

248 1859 304 1905 tarn
330 1855 427 1904 acerbe
449 1855 608 1904 notaverat?
624 1882 666 1893 --
685 1854 773 1902 lmmo
811 1853 897 1902 vitiai
923 1853 1010 1901 Immo
1031 1853 1084 1902 alia
1108 1854 1206 1912 habes:
1236 1859 1263 1904 et
1283 1854 1335 1903 sor-

249 1941 314 1982 rero
337 1933 388 1981 eibi
409 1932 558 1982 mediocria
580 1936 685 1982 tantum
707 1931 773 1983 vitia
811 1935 882 1980 ta'sse
903 1931 1009 1980 minora
1027 1931 1101 1981 dices
1124 1933 1283 1994 tenebere,
1304 1945 1335 1982 er

249 2021 309 2061 esse
327 2011 393 2061 alibi
411 2011 556 2075 gloriatur,
576 2027 633 2062 non
646 2011 773 2075 Tigellio·
812 2009 1028 2070 meminerunt,
1056 2011 1102 2074 qui
1118 2025 1147 2060 se
1164 2011 1236 2074 ipsos
1254 2013 1336 2060 unice
1401 2069 1402 2084 χ

249 2090 292 2140 nis
308 2087 407 2140 similla
418 2089 473 2140 Sat.
488 2093 514 2152 1,
527 2085 555 2152 d,
570 2091 631 2141 130.
650 2091 677 2152 6,
691 2091 774 2140 65.-·
812 2093 922 2146 amant,
942 2095 971 2141 nt
986 2089 1110 2139 Maenius
1130 2090 1196 2140 olirin
1219 2089 1266 2139 ille
1283 2096 1334 2140 cet.
1401 2085 1402 2146 ζ

250 2169 773 2234 Summaurbanitaecetinoportunum
813 2167 914 2218 Stultus
936 2167 1057 2231 proiecto
1079 2173 1105 2218 et
1128 2169 1267 2232 improbus
1293 2169 1336 2219 bic
1401 2163 1402 2226 ξ

250 2249 327 2313 quasi
341 2262 396 2298 non
409 2253 577 2312 pugnaturus
588 2249 666 2309 leret,
677 2249 703 2297 ·si
714 2249 773 2312 quir
813 2259 891 2297 amor
904 2249 962 2297 esti
995 2253 1047 2297 oet.
1060 2268 1094 2284 -·
1111 2247 1170 2312 filio
1189 2250 1337 2320 inponetur·
1401 2237 1402 2290 ἶ

249 2327 295 2380 vel
307 2329 431 2392 aequalia
448 2329 648 2378 acredinem.»
668 2328 773 2378 Bnnrn.
796 2347 797 2350 ¹
813 2329 913 2392 apris.»
923 2327 1035 2377 Sedtres
1045 2331 1155 2390 propter
1165 2339 1260 2377 causas
1272 2328 1337 2377 huic

250 2417 368 2471 quocum
379 2407 428 2458 cir.
443 2407 624 2458 G.Passowet
634 2407 774 2460 Mitecber·
814 2407 1029 2470 interpretationi
1054 2407 1184 2457 accedere
1211 2421 1335 2470 nequeo:

250 2487 307 2536 llclr
322 2488 349 2537 in
363 2487 474 2537 llacem.
493 2487 544 2536 ΙΠ.
582 2487 673 2536 alind
696 2486 777 2535 duob
812 2481 839 2548 1)
854 2498 903 2549 per
915 2500 944 2536 se
954 2487 1035 2535 nimis
1049 2485 1131 2547 longa
1142 2491 1182 2536 est
1192 2485 1337 2536 interlocu-

250 2565 448 2630 bosscntlicb
482 2565 566 2615 wobl
601 2565 773 2614 lietberte.»
813 2563 1337 2628 torisoratio,sivepotiusdeolamatio
1401 2567 1402 2632 l

251 2645 382 2706 llrignem
399 2643 445 2696 rei
461 2645 551 2708 potius
566 2644 670 2693 nullam
685 2648 776 2693 aucto·
814 2644 873 2694 sine
886 2644 1012 2706 dialogo:
1032 2640 1060 2708 2)
1074 2644 1124 2696 vv.
1138 2643 1205 2693 lituo
1215 2658 1336 2706 praever-

250 2724 358 2774 ritatem
373 2738 388 2774 a
401 2722 486 2774 Codd.
500 2725 583 2774 babet
600 2719 685 2788 (velut
695 2723 775 2772 unius
814 2729 903 2774 tumor
919 2727 976 2776 tum
997 2723 1074 2774 nullo
1092 2725 1174 2774 modo
1190 2726 1338 2774 cohaerent

251 2801 318 2853 Cod.
333 2803 403 2852 Fene
419 2799 616 2868 aseotmann)
637 2803 722 2853 altera
738 2801 776 2852 le·
814 2817 875 2852 cnm
891 2803 1053 2865 praeoedd.,
1074 2803 1126 2852 niel
1136 2816 1201 2854 vero
1215 2803 1337 2854 dicemus
1401 2861 1402 2870 ,

250 2881 306 2932 ctio
322 2878 394 2930 houd
412 2881 657 2945 sortoeremtoora,
679 2883 707 2933 in
722 2895 775 2946 qna
814 2881 878 2930 satie
904 2880 1069 2932 inconcinne
1094 2881 1236 2932 Horatium
1265 2883 1338 2934 velut
1401 2871 1402 2902 ³

252 2965 280 3011 et
296 2959 409 3022 languet
422 2961 534 3024 [measse
552 2963 579 3011 et
596 2962 709 3012 omnino
722 2963 777 3012 llo·
814 2955 1003 3022 obiurgatione
1020 2961 1070 3010 ieta
1087 2961 1189 3010 lassum
1207 2959 1241 3010 ad
1256 2961 1336 3010 aliam

250 3039 337 3089 ratius
358 3038 470 3088 reuelli
489 3035 574 3090 salsae
595 3037 667 3090 illiue
685 3041 777 3092 mode·
814 3039 1110 3090 sententiamtransire.
1136 3037 1163 3104 3)
1183 3040 1261 3102 Quod
1271 3055 1335 3090 vero

252 3117 338 3179 etiae,
370 3129 440 3181 qnae
461 3115 543 3181 longe
571 3120 678 3182 saepius
704 3119 775 3182 apud
814 3121 895 3180 caput
910 3123 963 3167 est:
990 3119 1199 3180 Quietandem,
1220 3133 1336 3182 quaeso,
1401 3117 1402 3178 i

248 3209 303 3247 ⁴nos
316 3198 451 3260 reperitur
468 3210 549 3261 quam
563 3199 635 3262 apud
649 3198 777 3260 antiquos
815 3197 959 3246 satirarum
978 3199 1094 3262 scriptor
1108 3211 1226 3263 unquam
1237 3211 1267 3246 se
1281 3199 1337 3262 lpse

252 3279 315 3326 ante
332 3281 456 3340 tempora
471 3277 572 3328 Tiberii
592 3279 705 3341 eiusque
718 3291 777 3326 sno·
814 3281 869 3326 tam
880 3276 978 3325 acriter
991 3279 1131 3340 castigavit
1140 3282 1250 3341 propter
1262 3277 1337 3335 vitia,
1401 3319 1402 3334 ,

252 3365 407 3412 cereorum,
427 3354 474 3405 ubi
486 3369 536 3419 pro
546 3367 591 3421 ego
601 3356 692 3406 dicere
705 3356 777 3405 inco·
815 3357 946 3420 aquibus
964 3371 1074 3421 prorsus
1092 3357 1197 3407 alienus
1218 3362 1292 3415 erat,
1313 3361 1339 3404 ut
1401 3337 1402 3356 ¹

242 3431 351 3498 'perant
373 3445 432 3485 meo
452 3437 577 3498 parvitas
603 3431 679 3498 (Vel.
703 3433 775 3486 Mar.
815 3449 870 3485 non
888 3436 960 3486 salse
977 3449 1008 3486 ao
1025 3436 1111 3486 facete
1130 3435 1196 3485 ficto·
1214 3436 1338 3497 obiurga·
1401 3441 1402 3498 i

253 3510 354 3578 Praei.)
369 3539 401 3550 -
419 3511 553 3577 Maenius]
574 3513 775 3574 Sat.1,1‚101.
814 3515 866 3566 tori
887 3515 1092 3579 responderet,'
1109 3515 1337 3579 quemadmodum
1401 3507 1402 3556 i

252 3591 365 3653 Nmtioc,
384 3591 467 3642 homo
482 3593 600 3655 ignotus.
621 3591 777 3644 Sententiae
815 3593 943 3646 Horatius
958 3597 1015 3659 ipse
1033 3595 1196 3658 Damasippo
1210 3600 1236 3642 et
1247 3593 1338 3643 Darei

253 3670 777 3735 ciccohaerentcumpraccedduntque
816 3671 874 3724 Hoc
902 3673 976 3724 enim
1007 3674 1109 3723 diceret
1142 3674 1336 3735 reprehensor:
1401 3715 1402 3732 ,

254 3752 306 3800 boc
315 3763 364 3814 pro
377 3757 452 3802 certo
462 3749 599 3802 affirmare
612 3759 722 3814 possum
734 3763 777 3800 me
818 3751 911 3803 «Alter
919 3767 948 3803 cs
958 3751 1092 3812 Maenius,
1113 3751 1221 3812 Horati,
1237 3753 1338 3816 ¹eluitur
1401 3803 1402 3806 ,

253 3836 308 3880 tam
322 3829 432 3880 stultum
442 3835 469 3880 et
478 3831 632 3893 improbum
642 3843 697 3879 non
707 3839 776 3891 esse,
816 3838 842 3882 et
863 3821 1018 3895 improbus;
1038 3829 1157 3893 denique
1176 3837 1293 3888 concute
1315 3835 1338 3879 te
1401 3855 1402 3906 ἑ

254 3922 336 3973 quam
351 3906 608 3970 lultMaeniusillc,
628 3913 776 3972 utcarpam
817 3911 944 3974 ipsumt»
972 3909 1043 3972 Quid
1062 3911 1129 3960 bicl
1156 3909 1235 3968 stlat,
1257 3916 1337 3966 toret.
1401 3907 1402 3910 ’

255 3988 381 4038 absentes
400 3988 518 4047 amicos,
546 3987 611 4038 mibi
637 3989 776 4050 ignoscam
814 3995 925 4040 moreat.
941 3985 1139 4053 -ipooraete]
1153 3987 1338 4039 Ter.·Plrorm.
1401 3983 1402 4002 ³

255 4073 325 4118 oet.»
345 4068 437 4128 Longe
450 4067 558 4117 diversa
570 4067 673 4118 ratione
684 4067 778 4118 llirch-
815 4067 842 4128 2,
857 4071 883 4128 3,
897 4069 946 4118 ier
966 4065 1119 4118 Etiamnum
1133 4068 1215 4118 orob
1231 4077 1256 4119 tc
1268 4071 1340 4134 ipoc-

255 4160 305 4199 ner
326 4145 447 4208 Quaerit.
476 4139 570 4196 lieret.
598 4162 624 4211 p.
648 4147 692 4198 56.
711 4148 778 4198 haec
815 4149 962 4198 renerent
975 4152 1021 4198 too
1038 4147 1111 4212 scoto
1125 4147 1210 4197 odeo?
1225 4173 1257 4184 -
1276 4149 1341 4196 dore
