2888 4810
479 325 542 372 uit.
563 325 599 370 it.
641 321 745 370 fflfl'f.
769 321 789 368 i·

88 467 252 536 Iudicium
275 465 398 532 notitia
418 462 575 530 videntis
596 464 725 530 nntius
747 461 827 527 iliud

89 590 148 656 Ad
171 591 277 654 libros
299 592 333 653 et
355 584 398 652 ad
421 585 504 652 haee
525 585 699 652 Musarum
722 583 809 648 dous
832 599 994 670 vocares,

88 712 256 778 Boeotum
279 712 312 775 in
334 725 451 775 ortisso
472 707 603 773 iusa‘res
623 713 702 773 aere
725 709 848 771 uatum.

89 833 140 927 A}
163 851 273 917 neque
293 819 500 896 dedecorant
522 833 578 894 ius
601 831 643 896 de
667 848 705 894 se
727 827 850 894 iudicia
872 829 973 912 etque
1116 822 1178 884 245

89 953 256 1035 Munera,
279 971 363 1040 quae
386 954 488 1017 muita
510 951 621 1017 dantis
642 969 715 1016 oum
739 951 837 1016 iuude
860 952 1009 1015 iuieruut

90 1077 216 1141 liiieoti
238 1077 299 1140 tibi
321 1073 482 1163 Virgiiius
505 1075 691 1158 Variusque
715 1079 836 1158 poetae
844 1093 854 1158 3

90 1197 164 1263 Noe
187 1199 294 1282 magis
317 1198 468 1281 expressi
491 1196 604 1260 vuitus
627 1215 687 1280 per
708 1202 813 1260 uinea
838 1198 957 1283 signa,

91 1318 200 1400 Quum
224 1317 396 1404 per'voiis
418 1337 503 1404 opus
526 1335 635 1384 mores
658 1319 822 1401 animique
845 1320 990 1382 virorum

88 1441 267 1507 Ciurorum
289 1441 464 1526 apparent.
506 1439 577 1505 Neo
599 1457 771 1503 sermones
793 1457 858 1526 ego
882 1439 1009 1502 maliem
1117 1434 1179 1500 25⁰

92 1555 271 1646 Repenies
293 1580 354 1646 per
375 1559 504 1646 humum
527 1579 622 1646 ouum
645 1578 702 1625 res
723 1579 924 1644 componere
945 1563 1079 1649 gestus,

147 1757 171 1808 i.
208 1771 235 1808 s.
254 1755 317 1806 stt.
339 1756 466 1822 Vespils'ns
486 1755 619 1820 Varusqos
638 1756 664 1805 is.

91 1933 222 1985 pomum.
241 1945 276 1974 ῆ-
293 1915 427 1984 nmis]
456 1919 501 1969 siu
521 1919 620 1970 oitmii·
658 1919 1184 1982 positsmmortemaisisse.Sausmiuus

94 2001 191 2051 osudis
218 2000 317 2051 artium
346 1999 501 2062 opertaen*
529 2006 618 2050 utrum
657 2001 808 2049 amicorum
831 1999 927 2062 pudori
944 1999 1135 2059 consuluisset,
1156 1992 1179 2048 'si

94 2078 234 2144 pesseotse
252 2079 305 2129 siut
321 2079 472 2143 srtiiesque
489 2080 619 2142 speeiem,
657 2079 691 2141 ,de
709 2079 777 2130 vivis
798 2080 848 2128 hoo
869 2078 997 2138 dixissen
1018 2079 1183 2129 couvenien-

96 2173 180 2224 quam
196 2162 481 2222 monitumnonitum,
502 2159 621 2221 attigerit
658 2163 699 2207 ter
716 2165 809 2207 eontra
825 2159 985 2208 memorauit
1005 2158 1138 2208 beneficia
1157 2159 1184 2208 iu

95 2247 213 2291 neonem
247 2259 278 2273 -
306 2235 449 2301 Boeotias]
476 2251 525 2301 pro
539 2239 621 2288 Boeo·
659 2243 779 2286 mortuos
789 2237 823 2285 ab
833 2237 954 2298 Augusto
965 2237 1109 2287 collocata.
1135 2237 1185 2289 Ne·

95 2328 199 2378 torum,
232 2330 307 2378 nou,
339 2322 368 2368 ut
394 2317 488 2368 volunt
514 2315 619 2367 Comm.
659 2329 711 2379 que
737 2330 802 2366 vero
828 2321 988 2368 ornaments
1015 2316 1061 2365 iiis
1087 2329 1119 2366 se
1144 2316 1187 2366 iu·

95 2399 180 2462 Cruq·
192 2402 218 2448 et
227 2397 323 2466 Lamia.
334 2433 341 2458 ‚
354 2409 446 2447 seous.
457 2397 527 2460 sing.
538 2395 620 2446 Cora·
659 2396 733 2444 mins
753 2394 838 2445 seeaii
852 2395 893 2444 sui
906 2431 913 2456 ,
933 2407 1003 2458 quse
1026 2396 1184 2446 nominasse

95 2475 187 2541 Nepos
213 2476 302 2526 Ateio.
328 2476 376 2526 112
414 2476 507 2525 Onnes
530 2473 622 2530 Boeoti
660 2474 829 2536 sufficiebat,
850 2475 910 2524 aiiis
929 2475 1042 2538 iusuper
1060 2475 1187 2524 laudibus

94 2558 182 2621 nsopis
198 2556 324 2621 firmitati
341 2555 459 2618 conparis
482 2568 561 2618 pnons
582 2555 623 2602 in·
660 2555 835 2616 indigebant,
855 2568 905 2603 neo
925 2559 1004 2617 aptus
1018 2561 1077 2604 eret
1097 2554 1186 2612 loeus,

95 2637 167 2702 pessis·
187 2637 303 2685 aeontns·
319 2637 474 2685 insaniunt.
661 2635 706 2685 ubi
728 2635 855 2684 desiderii
880 2639 907 2684 et
926 2635 1014 2684 luctus
1037 2635 1071 2684 de
1092 2646 1186 2683 eorum

131 2713 282 2768 estimat.
301 2711 440 2779 Atneqoe]
461 2715 518 2764 «Tu
529 2719 623 2763 eontra
662 2709 833 2777 praematuro
852 2720 938 2766 morto
958 2711 1187 2775 significationem

96 2795 286 2845 tautummodo
303 2793 542 2858 praestantissimis
561 2794 623 2856 poi·
654 2796 773 2845 iaceret.
790 2819 821 2828 -—
843 2791 1004 2858 Neemopis]
1024 2793 1080 2844 Cir.
1096 2794 1147 2843 Oti.
1159 2791 1187 2851 lt,

97 2875 131 2924 tis
145 2873 248 2924 isses.»
270 2870 357 2936 (Suet.
368 2873 427 2922 Oet.
441 2873 493 2923 titt:
515 2873 624 2936 Inpenio
660 2874 687 2932 8,
711 2875 755 2923 13.v
775 2874 894 2937 Ciapro
905 2875 987 2923 Arcu.
1000 2873 1043 2926 ia.
1060 2899 1088 2908 -·
1103 2885 1189 2934 oppa·

96 2953 176 3004 nean
188 2955 229 3003 sui
238 2953 356 3003 omnibns
364 2953 449 3002 modis
458 2953 533 3016 sooit.
554 2953 624 3000 iieoi-
660 2949 734 3014 rent]
756 2960 783 3002 ut
793 2967 820 3002 v.
830 2951 893 3002 uit.
906 2989 913 3010 ‚
930 2952 1020 3002 ‹teiare
1034 2965 1063 3002 se
1076 2951 1189 3002 demon·

99 3030 187 3084 tontes
210 3038 235 3083 et
259 3033 366 3097 isnipne
383 3039 408 3082 st
427 3033 561 3095 patienter
577 3044 625 3080 nu-
662 3038 774 3082 simut.»
804 3033 874 3082 «Noc
893 3033 979 3094 magis
999 3033 1085 3081 votius
1104 3032 1191 3094 expri-

98 3115 224 3163 ciios't:-·
242 3109 362 3175 componi
382 3109 626 3174 tamenaiiqnitids
663 3117 773 3160 munior
794 3112 820 3159 in
844 3111 938 3159 statuis
959 3111 1095 3159 oiororom
1116 3111 1190 3160 viro·

98 3207 125 3244 se
135 3193 189 3242 nist
201 3199 227 3242 et
239 3194 307 3242 senio
319 3197 350 3242 et
362 3206 379 3241 a
391 3190 625 3255 praestantissimis
663 3190 846 3252 rumquomiu
859 3190 981 3251 poemate
991 3203 1080 3239 mores
1092 3201 1188 3238 eorum

100 3268 302 3340 offendebatur.)
322 3295 353 3308 -
372 3271 626 3321 mnitodontisonm
662 3277 745 3333 etque
766 3267 880 3318 animi.»
908 3266 1012 3317 Pouuu.

101 3347 194 3413 hodo]
216 3349 389 3410 «tinnientis,
410 3349 626 3400 utsoommbus
698 3345 868 3398 250—256.
900 3339 1043 3406 sermones]
1074 3347 1188 3394 «satiras

101 3429 209 3493 Virgilii
231 3429 361 3493 Variiqua
388 3430 482 3493 aequis
503 3429 627 3479 aestimo·
665 3434 691 3479 et
704 3425 850 3491 episteme,
867 3437 936 3487 quse
954 3437 1108 3475 sermonem
1122 3439 1189 3487 quo·

102 3509 205 3560 toribus
228 3510 328 3560 merito
345 3509 526 3569 laudatorem
554 3509 626 3564 sive,
664 3509 797 3558 titianum
816 3505 965 3556 referunt.»
994 3505 1052 3556 Sor.
1072 3505 1104 3553 sd
1123 3504 1189 3554 iier.

102 3596 132 3640 ut
144 3589 296 3640 Lambinus
312 3589 368 3640 eit:
391 3589 493 3640 umuiis
506 3593 552 3638 tus
565 3601 627 3639 oum
665 3589 691 3648 3,
712 3587 759 3637 13:
789 3585 900 3636 Sermo
918 3591 956 3634 est
975 3585 1063 3632 oratio
1082 3583 1191 3632 remissa

101 3669 219 3729 isacius
233 3668 629 3721 muuifleoutiseuimeibeue·
665 3675 690 3718 et
713 3667 827 3732 finitima
852 3665 1023 3728 quotidianae
1047 3663 1189 3712 locutioni:

103 3749 213 3800 flaontis
238 3750 309 3799 haue
337 3748 490 3807 ominosis,
517 3747 544 3800 io
569 3751 627 3805 est,
667 3747 730 3796 uiuo
750 3750 867 3807 repentes
883 3755 931 3804 per
952 3743 1073 3796 numum,
1094 3740 1190 3790 iiumiii
1255 3729 1258 3748 '

105 3829 301 3892 matidianus,
317 3827 629 3889 homorifloeetgioriosa
666 3825 727 3876 stiia
747 3823 914 3886 conscriptos
934 3821 1009 3871 dieii.
1045 3822 1148 3870 Rursus
1163 3833 1192 3870 se

102 3901 299 3974 estlisrgiiori.
342 3907 397 3959 Cir.
427 3907 522 3957 lsoobs
544 3905 628 3956 Leett.
666 3911 792 3964 excusat,
815 3915 892 3952 oure
912 3914 1012 3963 genere
1027 3899 1193 3964 panegyrico

104 3987 341 4053 Veu.p.1io.-
362 3988 489 4053 Vispiiins
509 3989 629 4035 mortuus
667 3999 696 4034 se
721 3985 865 4033 abstineut.
898 3981 954 4032 Cir.
979 3981 1031 4032 Oti.
1054 3981 1087 4040 i,
1113 3980 1139 4030 6.
1159 4005 1192 4016 -

104 4074 144 4119 est
165 4082 191 4120 s.
210 4081 239 4118 u.
262 4081 288 4118 o.
313 4067 375 4118 735.
399 4072 426 4118 et
452 4067 546 4117 Varios
565 4065 629 4114 item
667 4075 708 4112 res
736 4074 890 4124 componere
915 4056 1020 4125 pestus]
1052 4057 1192 4108 scat-mins

103 4149 211 4201 videtur
225 4152 289 4199 suis
303 4146 376 4198 hena
390 4145 539 4212 Epistoium
554 4157 630 4193 oom—
657 4141 745 4205 'opino
758 4140 800 4190 nei
815 4141 979 4204 panegyrico
988 4151 1032 4188 ses
1046 4143 1096 4186 ste
1105 4142 1195 4200 pestus
