2842 4808
544 280 613 331 ABR
632 281 787 334 ΝΠΙΟΑ.

116 419 294 509 Ingenium
315 421 436 488 misera
457 421 536 508 quia
556 421 761 490 fortunatius
781 423 855 493 arte

116 543 236 610 Credit
258 547 293 610 et
314 543 587 612 excuditsunos
608 543 772 610 Helicone
794 547 914 630 noetus

115 665 348 752 Democritus,
370 666 457 731 bona
479 683 558 749 pars
579 683 647 730 uon
668 683 800 754 ungues
821 668 947 750 ponere
968 671 1082 747 curat,

113 785 194 852 Non
216 787 366 866 barbam,
387 789 522 853 secrete
542 788 635 871 petit
649 787 745 860 locu,
769 769 889 876 balnea
910 787 1009 856 vibet.
1107 831 1110 840 ι

112 907 337 975 Nunciscetur
359 909 445 974 enim
469 883 608 993 pretium
632 925 816 994 nomenque
838 911 993 997 poetae,.
1080 967 1083 974 .

112 1025 152 1096 Si
177 1030 284 1094 tribus
305 1027 482 1116 Anticyris
503 1031 605 1115 capiri
626 1029 812 1100 insanabile
829 1049 1000 1122 ‘nunquam
1137 1027 1200 1090 300

112 1149 259 1216 Tonsori
279 1149 397 1216 Licino
420 1151 628 1244 commiserit.
671 1148 701 1218 0
725 1170 790 1242 ego
812 1154 949 1238 laevus,

167 1372 191 1424 l.
229 1387 255 1426 v.
274 1372 337 1425 297.
372 1372 467 1437 munis
485 1373 556 1424 BTc.

111 1567 238 1632 κταιεῑς
252 1561 358 1632 ὄνυχα.
373 1567 445 1618 Plut.
461 1567 636 1634 symmeno
675 1584 754 1636 uuum
771 1575 880 1634 pultem
895 1585 1021 1638 mausum
1041 1586 1095 1644 erre
1108 1587 1194 1638 poem.

113 1643 513 1720 ἡάκριβὴςοφόδρακαὶδί
527 1643 637 1712 ὄνυχος
675 1649 789 1714 Scripsit
805 1656 896 1702 eutem
914 1653 980 1724 περὶ
999 1650 1145 1720 ποιήσεως
1171 1657 1199 1724 ct

110 1727 259 1794 λεγομένη
277 1724 384 1778 δίαιτα.
418 1753 448 1767 --
480 1724 636 1794 emtiuuoit]
674 1724 891 1801 περὶὉμήρου.
910 1731 989 1794 Diog.
1007 1731 1038 1780 L.
1057 1732 1084 1794 9,
1103 1732 1148 1782 48.
1164 1758 1194 1768 -

111 1806 301 1869 «expolitius
329 1805 413 1855 simili
437 1805 596 1870 metaphora
608 1811 637 1858 ut
675 1807 744 1856 bono
760 1805 844 1872 porr]
871 1822 981 1872 prorsus
1002 1813 1032 1860 ut
1056 1824 1121 1870 nos,
1145 1813 1197 1860 ein
1229 1822 1237 1832 ‘

110 1886 226 1944 coercuit
246 1885 394 1947 desumpta
423 1886 458 1938 ab
483 1886 635 1936 arboribus.
673 1891 776 1950 uerter
796 1887 895 1938 Tbeil.
922 1887 963 1940 Gi.
982 1888 1034 1940 Ori.
1054 1889 1082 1949 i,
1102 1890 1129 1950 2,
1149 1879 1194 1940 e'n.

110 1963 254 2027 Theophr.
274 1962 304 2018 C,
322 1963 363 2012 Pl.
385 1964 420 2012 12
447 1960 580 2026 κολάζειν
599 1960 637 2016 τὰ
674 1963 887 2026 sut.1‚1‚cl.
910 1992 940 2004 -
969 1981 1067 2034 unques
1082 1965 1195 2032 ponere]

109 2041 227 2114 δένδρα.
260 2041 355 2092 Pollux
379 2042 414 2102 a,
444 2043 504 2092 139.
538 2036 636 2114 ῥήτωρ
673 2043 752 2106 «Quo
770 2044 915 2096 rideantur
935 2047 1027 2100 diuino
1043 2047 1092 2098 illo
1105 2047 1196 2099 lurore

109 2115 326 2191 ἤκριβωμένος,
345 2119 564 2187 κεκολασμένος
573 2119 636 2170 κτλ.
674 2123 780 2184 perciti,
800 2137 935 2176 summam
955 2127 1151 2188 negligentium
1168 2129 1196 2179 in

109 2200 242 2252 Philostr.
259 2200 309 2264 Ep.
333 2200 382 2250 13:
411 2197 552 2262 Αἰσχίνου
578 2192 636 2249 οὐκ
674 2213 787 2262 corpore
821 2204 941 2253 curando
970 2203 1132 2256 affectunt.»
1165 2232 1195 2244 -

109 2273 236 2341 ἀφανῶς
266 2273 339 2342 τοὺς
366 2273 532 2344 διαλόγους“
550 2275 637 2328 nolui·
674 2280 757 2342 tribus
778 2277 930 2345 Anticyris]
961 2281 1011 2332 eir.
1037 2285 1072 2334 ad
1093 2285 1149 2336 Sat.
1168 2287 1196 2348 2,

109 2361 225 2421 ζοντος.
234 2357 353 2408 Verbum
364 2357 472 2408 everbo
485 2357 635 2421 exprimere
673 2357 700 2414 3.
720 2358 764 2408 83.
793 2359 852 2410 llcc
872 2352 954 2410 dicit:
966 2346 1123 2424 suimuuu,
1138 2366 1195 2414 cui

111 2437 201 2499 potuit
218 2429 387 2501 lilollovuut:¹
405 2435 577 2502 Si-leltempr
591 2445 636 2486 n'u
673 2440 714 2492 ter
743 2441 848 2488 tantum
877 2438 1030 2501 hellebori,
1063 2447 1195 2511 quantum

110 2517 160 2566 dte
173 2516 224 2578 [ote
238 2513 350 2565 oboriri
366 2528 414 2564 ron
431 2513 512 2579 conr.
673 2514 823 2580 Anticyras¹
841 2518 986 2582 quotannis
1004 2521 1119 2582 crescit,
1140 2535 1196 2572 me·

145 2589 466 2659 295-309.1οοονίνοι]
486 2593 555 2644 «Sed
576 2607 635 2658 per·
673 2594 732 2643 deri
751 2608 807 2645 non
826 2595 927 2660 possit,
955 2597 1062 2658 idest,
1082 2611 1193 2668 prorsus

111 2669 333 2736 multiuo'e'muio
357 2687 405 2722 sua
424 2672 485 2724 ideo
509 2687 565 2723 nou
587 2674 635 2724 oli·
673 2667 865 2725 insanabilis.»¹

110 2759 202 2815 mant,
222 2753 286 2817 quin
306 2747 453 2804 Democriti
475 2753 634 2804 uucboritute
690 2753 866 2806 aot-aua.
889 2750 1119 2822 linteaminibus
1143 2754 1194 2807 luit

111 2833 205 2889 abusi,
225 2832 366 2894 ingenium
384 2837 466 2894 atque
482 2830 634 2884 euboeam-
671 2832 751 2882 huius
765 2832 884 2898 bominis
901 2846 1064 2896 cognomen,
1083 2848 1138 2885 non
1150 2836 1194 2884 Lo·-

110 2908 208 2977 σμόν,
229 2910 349 2961 furorem
374 2912 534 2976 poeticum„
552 2924 633 2975 quem
671 2911 754 2960 einim
778 2926 898 2971 nomen,
925 2917 959 2964 ut.
983 2912 1110 2964 scribitur
1134 2927 1194 2978 per·

111 2991 165 3054 ipsi
184 2991 236 3040 sibi
261 2991 397 3052 tribuunt,
423 2990 504 3052 longe
523 2997 634 3055 antepo-
672 3002 753 3052 saepe
773 2991 801 3038 in
822 3005 919 3052 prosae
937 2979 1194 3055 orationis'smipto-

111 3085 178 3122 nere
196 3070 287 3120 solent
307 3070 369 3130 arti,
389 3075 470 3132 atquo
487 3069 528 3118 illi
541 3070 634 3120 omniu
671 3067 757 3127 ribus,
777 3072 807 3116 ut
827 3082 842 3118 e
863 3070 955 3119 Basilo
976 3070 1136 3134 plerumque
1157 3072 1194 3121 ic·

111 3150 197 3200 licere
217 3149 402 3212 contendunt,
421 3149 493 3198 huuc
511 3149 635 3198 miseram
671 3152 767 3196 cerunt
785 3149 922 3198 Basiliam.
944 3145 988 3214 (V.
1007 3151 1105 3200 Onom.
1124 3148 1193 3214 Cic.)

112 3243 188 3292 esse,
225 3229 307 3290 ulmis
331 3228 495 3292 laboriosam
522 3240 574 3276 nec
595 3227 634 3280 di·
674 3227 795 3277 «Nomen
818 3232 862 3276 est
886 3229 1003 3278 tonsoris
1019 3227 1127 3289 famosi,
1147 3231 1194 3293 qui

112 3321 205 3371 guam,
225 3321 278 3371 qua
299 3308 450 3358 exercenda
468 3307 635 3370 pobtuinge·
672 3310 770 3367 pesum
795 3305 894 3354 dicitur
922 3305 1009 3358 sectus
1037 3313 1146 3358 senator
1178 3323 1194 3358 a

111 3389 205 3436 uiosus
224 3401 284 3438 sese
307 3386 407 3436 trustra
426 3391 532 3438 vexet.»
551 3387 634 3436 Vetus
672 3384 798 3442 Caesare,
819 3377 891 3446 cuod
909 3385 1010 3434 odisset
1022 3384 1193 3450 Pompeium,

112 3472 205 3518 autem
226 3479 258 3516 ea
283 3465 441 3530 disceptatio
464 3467 534 3516 inter
552 3463 635 3516 Grae·
672 3464 705 3515 de
726 3477 784 3528 quo
804 3462 856 3530 hoc
884 3463 1016 3528 seriptum
1042 3467 1095 3518 osi,
1111 3464 1194 3526 epita·

112 3559 168 3596 cos.
195 3545 374 3608 Epicharmus
402 3545 477 3596 Stob.
501 3545 552 3605 29,
580 3544 632 3594 bi:
673 3542 785 3605 uhiumu
801 3541 953 3614 Marmorea
969 3542 1069 3600 tumulo
1088 3543 1193 3595 licinus

109 3619 135 3676 ‘A
165 3621 197 3674 δὲ
230 3624 340 3688 μελέτα
372 3621 484 3688 φύσιος
518 3619 635 3690 ἀγαθᾶς
671 3621 1193 3686 iacet,oiCutonullo,Pompeiurpuroo:

112 3703 224 3757 πλεῦνα
239 3703 391 3773 δωρεῖται,
411 3702 505 3776 φίλοι.
537 3701 634 3754 Critias
672 3700 729 3763 uuir
741 3705 881 3767 putatum
895 3699 996 3752 deoriu
1015 3699 1113 3752 Sciron.
1129 3698 1194 3750 Sino

113 3783 179 3834 ibid.
194 3784 246 3832 10:
274 3777 321 3832 Ἐκ
338 3780 462 3846 μελέτης
479 3779 597 3842 πλείους
612 3775 638 3844 ju?
673 3793 754 3842 causa
773 3777 899 3832 nonnulli
914 3779 1041 3830 videntur
1058 3779 1192 3836 nubilare,

111 3857 232 3924 φύσεως
250 3854 372 3926 dyabot.
397 3858 485 3910 Aliter
501 3859 635 3910 Pindarus
673 3864 766 3908 utrurn
776 3858 937 3908 hicllorotii
950 3858 1059 3912 Licinus
1073 3858 1108 3907 sit
1120 3857 1193 3906 idem

113 3939 220 4004 olymp.
234 3940 261 4000 2,
280 3939 325 3989 89.
341 3962 372 3974 -
386 3935 562 4000 Democritus]
577 3937 633 3988 Cic.
673 3951 735 3988 curn
751 3937 915 3988 Caesariano
937 3951 1034 3987 necne.
1065 3935 1121 3986 Gir.
1142 3935 1193 3984 Dio

113 4020 147 4070 ule
159 4021 208 4069 Or.
221 4019 248 4079 2,
261 4017 307 4068 tc.
327 4018 360 4068 ulo
373 4016 463 4070 niviu.
478 4016 504 4076 1,,
517 4016 567 4066 37:
587 4017 635 4066 Ne·
673 4016 748 4068 Cass.
757 4017 802 4078 bb,
814 4016 857 4066 lt.
868 4016 943 4068 Pers.
954 4017 981 4076 2,
990 4015 1034 4066 36.
1046 4015 1110 4065 Seu.
1124 4013 1192 4076 Epo.
1254 4043 1258 4050 ·

113 4104 160 4162 unt
179 4099 234 4148 etue
258 4098 347 4162 surore
372 4096 534 4161 Democritus
551 4108 635 4158 quem·
673 4095 733 4144 109.
756 4096 854 4158 eliab.
874 4095 992 4150 Martini.
1011 4093 1038 4155 8,
1058 4093 1085 4154 3,
1103 4093 1130 4142 6.
1152 4093 1194 4142 lu·
