2856 4782
494 304 559 349 nm.
580 303 611 346 u.
656 304 729 350 aar.
755 305 776 349 ι.
1100 286 1179 352 153
1257 271 1262 280 ¹

99 443 330 526 Irriguumque
352 459 442 506 mero
464 441 526 506 sub
547 447 680 506 noctem
700 461 824 527 corpus
845 442 1000 508 habento.

7 575 8 578 ’
96 562 183 644 Aul,
206 563 236 624 si
257 563 374 625 tantus
396 579 488 624 amor
508 545 674 626 scribendi
696 567 730 626 te
754 565 859 646 rapit,
882 562 968 628 aude
1138 560 1179 620 1⁰

97 677 252 745 Caesaris
273 681 392 746 invicti
414 699 469 745 res
491 681 620 766 dicere,
641 682 744 745 mulia
765 683 913 747 laborum

96 798 250 864 Praemia
271 801 410 863 laturus.
453 799 631 884 tapidum,
653 804 751 883 pater
773 803 911 883 optime,
933 805 1027 868 vires

7 977 8 980 ,
96 919 280 983 Deficiunt:
303 937 411 1002 neque
434 920 518 996 enim
541 920 649 1003 quivis
671 919 841 985 horrentia
863 923 940 1006 pilis

96 1038 244 1127 Agmina
265 1053 329 1103 nee
352 1039 461 1104 traete
484 1044 664 1122 pereuntes
689 1039 827 1123 cuspide
849 1041 966 1108 Gallos

129 1211 180 1261 lll.
219 1226 247 1264 r.
268 1213 311 1262 10.
329 1213 402 1274 euptt
421 1225 452 1261 ex
471 1210 536 1262 God.
557 1212 676 1263 Colliert.

96 1373 198 1435 inquit,
219 1377 396 1431 transnanto,
417 1371 441 1422 id
463 1385 571 1435 quoque
592 1376 618 1421 et
656 1373 740 1436 ipsius
766 1377 988 1436 approbationem
1012 1382 1039 1428 et
1063 1379 1179 1440 gloriam

7 1447 9 1514 l
96 1451 243 1499 amedicis
257 1456 283 1499 et
298 1464 313 1500 a
331 1449 417 1510 magis
434 1450 545 1512 petitum
562 1455 616 1509 est;
657 1453 727 1513 apud
749 1452 910 1514 populares:
930 1456 963 1504 de
982 1457 1059 1506 donis
1079 1459 1179 1509 intelli-

7 1533 8 1542 *
96 1529 194 1590 impari
207 1529 282 1577 enim
300 1532 327 1576 et
341 1527 486 1590 praecipuo
498 1528 617 1576 ternario
656 1542 721 1590 gere
753 1530 866 1580 minime
897 1533 1053 1583 conveniret
1082 1539 1179 1598 politae

7 1611 8 1624 ¹
96 1605 615 1656 numerosnmmamvimillitribuunt.»
656 1608 803 1658 urbanitati
815 1622 848 1658 ac
866 1610 1024 1661 modestiae.
1040 1637 1071 1648 -
1087 1611 1178 1675 poter]

96 1683 182 1734 Tonn.
194 1708 223 1719 -
236 1680 381 1747 Irripnusn]
401 1683 546 1734 SicGraeci
556 1684 618 1748 etp.
656 1685 699 1735 Sic
712 1687 834 1736 seniores
851 1689 925 1740 viros
938 1689 1061 1740 solebant
1073 1691 1176 1756 alloqui

96 1776 154 1826 yser
168 1759 341 1827 πνεύμονας
357 1759 442 1828 οἴνῳ,
460 1762 618 1834 βεβρεγμέ-
656 1763 787 1814 iuniores.
1078 1761 1088 1768 “

97 1853 145 1902 νος
157 1837 247 1906 οἴνῳ,
266 1841 356 1888 Latini
373 1842 491 1901 madere,
511 1843 618 1890 undum
760 1905 763 1910 Ι

98 1919 616 1978 manino.lamPlaut.Poen.3,³‚8ti:
690 1918 813 1970 13-15.
863 1935 943 1985 neque
971 1919 1056 1986 enim]
1089 1923 1178 1974 Simili

96 1997 138 2046 nit
164 2005 195 2047 tu
224 1998 370 2058 meadio,
399 1998 489 2048 Lesbio
505 2022 516 2032 -
534 1999 618 2046 vino·
656 1997 736 2046 modo
750 2000 845 2047 eadem
860 2000 893 2049 de
912 2012 941 2050 re
958 2009 1109 2051 seexcusat
1127 2002 1178 2052 Od.

96 2076 323 2137 ortatemirrlpet.
360 2075 422 2137 lpse
440 2081 531 2126 autem
554 2077 618 2125 Tre·
656 2076 682 2135 1,
697 2073 723 2133 6,
738 2076 764 2125 9.
785 2077 811 2136 2,
827 2077 870 2136 12,
882 2078 909 2128 9.
929 2078 956 2138 lt,
974 2079 1001 2138 2,
1015 2079 1059 2128 27.
1076 2105 1103 2115 -
1123 2082 1179 2143 sra-

7 2153 8 2158 ’
96 2155 200 2214 balius,
221 2150 268 2216 (in
290 2167 343 2215 quo
367 2153 437 2202 inest
457 2155 618 2217 praecipuus
656 2162 699 2203 ctu
711 2180 722 2190 -
734 2151 853 2216 menide]
873 2156 932 2206 «Er
948 2157 1060 2206 historia
1074 2159 1107 2206 de
1120 2157 1178 2208 bla-

95 2232 145 2282 loci
165 2227 278 2294 lepore)
304 2231 382 2280 valde
403 2233 514 2280 amabat
528 2238 554 2282 et
571 2245 618 2282 na·
657 2233 762 2304 richoo
775 2238 912 2295 sumptum
925 2239 981 2292 est;
1002 2248 1065 2284 nam
1075 2235 1178 2286 Marius

7 2315 8 2318 ’
32 2376 34 2382 Ι
95 2309 393 2372 tationemetsuypb'os.
424 2307 480 2358 Cic.
495 2311 528 2358 ad
543 2311 629 2381 Fam„
656 2313 785 2361 adversus
803 2311 935 2361 Santonas
956 2314 1019 2365 talia
1037 2315 1091 2376 pila
1106 2329 1180 2364 eom·

7 2429 8 2434 ,
96 2390 120 2448 7,
132 2391 183 2438 20:
206 2389 253 2452 qus·
269 2401 350 2449 neque
367 2390 396 2438 in
411 2388 511 2436 wanno
523 2395 619 2438 notare
656 2396 763 2439 menius
776 2395 831 2450 est,
852 2397 881 2439 ut
892 2390 977 2440 fracta
990 2393 1177 2452 mitterentur,

7 2481 8 2488 ¹
96 2469 206 2516 uolanis
236 2466 440 2516 studiosissimus
468 2467 543 2514 borno
567 2481 619 2516 nu·
657 2481 691 2516 ne
713 2467 813 2518 remitti
836 2468 869 2516 ab
894 2468 1015 2517 hortibus
1040 2475 1177 2532 possent.»

96 2547 183 2594 tundi.-
203 2545 330 2604 elmi:
350 2544 619 2594 illuserasberiinter
657 2546 747 2597 Cottii.
770 2545 819 2596 Cn.
861 2545 1020 2594 Plutarchus
1041 2546 1179 2596 in'lllario

96 2624 217 2687 nuptos,
245 2621 316 2683 qnod
339 2622 480 2670 dicerem.
497 2657 503 2670 .
519 2624 619 2672 ..vitu-
657 2639 685 2686 p.
705 2624 767 2672 tta.
793 2624 826 2673 b.
848 2636 907 2672 rem
929 2623 1027 2673 clarius
1044 2624 1083 2672 sie
1100 2636 1180 2685 erpo·

96 2717 139 2764 pue
154 2702 206 2750 etsi
223 2700 329 2748 domum
345 2698 406 2749 bene
419 2705 499 2762 potus
514 2713 619 2764 seroque
657 2703 709 2751 nit:
732 2701 790 2749 «Ea
809 2714 871 2763 pars
889 2701 973 2763 ligni,
994 2715 1063 2764 quae
1081 2702 1108 2750 in
1127 2701 1180 2751 ier·

96 2781 224 2829 rutilorum
244 2782 298 2826 cet.
657 2793 717 2828 rum
731 2779 871 2835 inseritur,
892 2785 971 2830 autea
990 2781 1094 2832 duabus
1111 2779 1179 2828 libu-

129 2857 253 2906 10-12.
292 2861 316 2904 te
334 2853 422 2917 rupit]
443 2855 488 2905 osi
506 2857 618 2906 omnino
656 2856 689 2906 lis
714 2857 809 2906 terreis
839 2859 1043 2909 continebatur:
1076 2858 1178 2908 illarius

8 2941 9 2968 l
96 2935 157 2984 bule
182 2934 322 2984 scribendi
351 2934 472 2996 cupidini
491 2935 618 2984 resistere
656 2939 748 2984 autem
765 2935 878 2984 alteram
900 2937 1023 2998 quidem,
1051 2935 1180 2999 quemad-

97 3027 150 3062 non
164 3018 280 3074 potes‚a
300 3014 352 3060 cet.
389 3011 488 3062 Contra
502 3013 617 3061 bentleil
656 3013 849 3072 monument,
870 3013 995 3076 reliquit;
1015 3013 1099 3063 altera
1112 3027 1177 3064 vero

8 3145 10 3152 ,
97 3094 165 3152 eupit
194 3096 270 3141 reete
304 3095 397 3139 monet
427 3091 615 3150 Heindorlius‚
657 3095 794 3153 exempta,
822 3091 930 3140 clavum
954 3091 1075 3152 ligneum
1096 3090 1179 3152 tragi-

97 3169 174 3219 buius
190 3185 216 3220 v.
236 3182 291 3218 non
308 3181 451 3230 praesens,
471 3170 517 3218 sed
532 3169 618 3231 perie-
656 3169 711 3218 lem
738 3169 766 3216 in
791 3169 849 3217 eius
875 3169 965 3218 locum
991 3169 1118 3226 immisit,
1145 3181 1178 3218 eo

8 3229 9 3276 Ῑ
98 3251 167 3296 etum
181 3247 227 3296 bic
244 3247 336 3296 locum
353 3247 508 3296 habiturum
524 3247 616 3298 fuisse.
656 3247 788 3306 oonsilio,
825 3252 855 3295 ut
883 3247 967 3308 pilum
995 3247 1028 3295 ad
1059 3246 1178 3307 elipeum

98 3322 212 3372 Omnino
227 3323 273 3373 ille
295 3336 351 3372 non
371 3325 434 3374 satis
452 3325 618 3374 recordabar·
656 3325 740 3373 bostis
756 3324 909 3373 coniectum
924 3337 979 3374 nou
997 3328 1120 3372 maneret
1138 3335 1179 3370 re·

99 3405 140 3450 tur
153 3402 254 3450 ,erebro
274 3401 356 3451 etiam
373 3402 402 3450 in
419 3416 499 3464 prosa
515 3416 555 3452 or.
579 3403 619 3452 in·
657 3408 743 3461 ctum,
771 3402 847 3452 clavo
867 3402 957 3462 ligneo
977 3400 1062 3451 tracto
1083 3413 1179 3451 curva·

99 3479 183 3528 veniri
202 3480 355 3537 untedium,
373 3481 505 3541 cupiditas
522 3494 560 3530 mo
574 3495 618 3529 ru·
656 3487 731 3529 retur
748 3479 850 3528 ferrum
866 3483 893 3528 et
906 3479 1011 3539 lignum
1024 3482 1178 3528 transversa

97 3558 137 3616 pit
159 3557 246 3620 αιίᾳιιο
268 3557 313 3607 vel
339 3558 374 3605 ad
400 3558 500 3620 aliquid
523 3560 618 3621 tuctus·
657 3556 766 3618 cuspide
787 3557 901 3606 haerens
925 3556 1053 3606 deorsum
1078 3557 1179 3619 pende·

100 3634 197 3681 domm
217 3634 276 3685 Liv.
290 3635 318 3692 5,
332 3633 359 3682 6.
378 3634 405 3694 7,
420 3636 462 3684 10.
487 3661 514 3672 -
536 3632 616 3696 uude]
655 3640 723 3684 ret.»
745 3660 772 3670 —
796 3630 903 3694 Gallos]
922 3645 987 3682 a.u.
1003 3647 1027 3684 e.
1043 3633 1105 3684 iat.
1137 3634 1176 3685 Μ.

100 3711 230 3772 significat
249 3711 437 3760 difficultatem
455 3714 616 3774 argumenti,
656 3713 779 3762 Valerius
799 3712 915 3762 Messala
941 3701 1116 3774 Aquitaniam
1136 3726 1178 3762 re·

100 3789 122 3835 sl
142 3788 220 3848 digne
240 3790 413 3838 tractandum
435 3791 478 3839 sit.
500 3815 530 3826 -
558 3791 618 3840 Coe·
657 3791 755 3840 bellem
782 3791 939 3849 domuerat;
967 3791 1039 3840 unde
1063 3790 1178 3861 tortosae

99 3863 181 3926 soris]
202 3867 319 3928 Augusti
338 3881 490 3929 cognomen
509 3869 618 3932 demum
657 3868 797 3918 Gallorum
830 3869 856 3917 ei
887 3869 915 3917 in
945 3875 1064 3917 mentem
1092 3869 1176 3918 venit.

100 3954 125 3990 a.
138 3955 167 3992 ιι.Ι
179 3957 202 3993 c.
212 3945 274 3996 727.
283 3947 286 3952 '
295 3947 450 4008 assumpsit.
478 3946 529 3995 Dio
543 3945 617 3995 Cass.
657 3945 775 3994 Omnino
790 3950 881 3994 tamen
890 3947 981 3995 hostes
992 3947 1177 3995 Romanorum

9 4027 10 4030 ’
101 4019 152 4080 53,
181 4022 223 4072 16.
256 4047 288 4060 -
319 4021 460 4087 Pramnio]
497 4024 619 4074 Caesaris
657 4024 773 4074 manime
786 4024 942 4087 pervicaces
959 4024 1095 4083 nominat,
1116 4021 1177 4070 illos
