2856 4782
231 268 315 340 110
596 289 734 342 000000
755 289 956 340 staminum

234 428 464 495 vindemiator
485 432 519 494 ei
540 430 705 502 invictus,
730 430 782 496 eui
806 447 910 513 saepe
934 429 1043 493 viator

234 545 420 636 cessisset,
441 568 563 640 magna
585 529 790 634 compellans
811 567 898 616 voce
920 549 1084 614 cuculum.

234 669 283 736 At
307 669 473 752 Graecus,
494 672 671 754 postquem
693 671 745 734 est
767 671 856 734 Italo
878 669 1036 754 perfusus
1049 673 1163 754 aceto,

234 789 372 855 Persius
394 790 575 855 exclamat:
597 789 665 855 Per
685 809 845 878 magum,
866 790 988 877 Brute,
1011 788 1093 881 deos
1114 791 1150 854 te

237 907 327 994 Oro,
347 912 402 994 qui
424 929 525 995 reges
545 913 721 980 ¹censueris
743 911 878 988 tollere,
902 929 962 975 eur
982 929 1051 978 non
1109 975 1121 988 ,

148 1080 164 1103 ,
235 1029 334 1096 Ηο00
353 1031 483 1119 Regem
503 1023 664 1118 iugulas?
687 1028 834 1115 Operum
852 1031 939 1114 hoe,
961 1030 1174 1115 mihicrede,
1197 1032 1278 1094 tuo·
1414 1113 1415 1118 ἵ

320 1171 390 1214 rum
414 1152 474 1216 est.
1112 1149 1117 1153 ’
1276 1145 1322 1209 35

288 1344 311 1393 l.
349 1358 374 1396 v.
395 1344 438 1394 31.
458 1344 585 1393 curulium
601 1345 645 1395 bc.
674 1344 742 1396 Item
760 1345 806 1406 8.,
827 1345 873 1394 sed
894 1358 1030 1408 superscr.
1050 1344 1176 1395 cuerrlum.
1213 1339 1256 1407 (r·
1275 1343 1324 1393 34.
1414 1337 1415 1360 ³

237 1413 346 1463 Habent
363 1416 495 1478 consueris
513 1410 588 1478 bSc.)

276 1520 313 1570 11.
350 1534 377 1573 r.
397 1520 440 1570 31.
461 1520 588 1570 cucullum
605 1520 681 1571 LGT.
718 1534 746 1572 v.
765 1520 810 1572 34.
830 1520 956 1571 consuesti
974 1521 1005 1571 Ρ.

257 1627 314 1680 ιιι.
352 1641 378 1678 v.
391 1599 442 1676 00.
462 1628 590 1676 umque
608 1639 623 1676 0
642 1625 708 1677 eoa.
728 1626 788 1676 ear.
810 1633 836 1678 a
855 1627 903 1678 ιιι.
924 1627 993 1677 ven.
1015 1626 1093 1677 meo.

236 1792 379 1851 coopertus
397 1788 489 1846 sedet,
517 1787 647 1849 prolata.»
667 1809 700 1824 -
720 1800 760 1837 re·
798 1792 903 1850 tempus
923 1787 1023 1836 lrabeat
1047 1799 1079 1837 ea
1101 1787 1250 1850 reddendi,
1277 1789 1327 1838 sed

236 1863 319 1931 qerit]
353 1861 536 1928 «respondens
571 1866 703 1926 ingerit.»
728 1893 756 1903 -
794 1866 924 1929 latigatue
938 1867 1048 1916 taudem
1061 1867 1135 1916 inani
1146 1867 1328 1918 altereatione

237 1940 333 2004 durus]
364 1950 392 1992 ut
408 1958 435 1994 v.
457 1943 484 1992 6.
507 1965 540 1980 -
564 1941 758 2006 Vindemiater]
799 1946 833 1994 ad
847 1958 896 1995 sua
908 1946 1017 2006 negotia
1030 1945 1123 2001 abeat,
1143 1945 1328 1997 vindemiator
1414 1995 1415 2019 q

238 2021 456 2086 tetrasyllabum,
476 2021 554 2083 quari
573 2022 760 2084 vindemjator,
799 2023 885 2073 victor
909 2023 1014 2074 evadat.
1065 2023 1222 2072 vindemias
1252 2025 1327 2086 ipsas
1414 2021 1415 2080 l

238 2101 267 2150 h.
290 2100 310 2149 l.
333 2100 430 2150 vineae
450 2104 611 2161 0010100-
631 2095 761 2160 calculum]
800 2101 994 2165 Neapolitanae
1004 2101 1087 2154 simili
1105 2102 1185 2151 modo
1204 2102 1328 2152 celebra·
1414 2113 1415 2128 ¹

238 2178 310 2228 Plln.
325 2179 368 2238 18,
382 2178 426 2237 66,
441 2179 475 2226 2:
496 2178 553 2228 XV.
572 2179 659 2228 diebus
668 2179 763 2252 primis
800 2184 840 2229 tas
866 2193 926 2229 esee
954 2179 1161 2231 a‘vinitoribus
1192 2185 1329 2230 monstrat

240 2253 311 2320 (post
330 2257 532 2320 aequinoctium
548 2254 674 2322 uernum)
692 2259 763 2322 uqri-
800 2256 960 2308 Ambrosius
978 2259 1033 2308 Leo
1052 2258 1079 2306 in
1096 2257 1207 2322 Autiqq.
1231 2264 1257 2308 et
1280 2260 1329 2308 lli-

240 2337 311 2385 eulae
323 2337 452 2398 rapienda
464 2343 583 2397 ruuteu,
603 2335 693 2400 quibus
703 2350 764 2398 per·
802 2341 865 2386 sior.
880 2336 974 2387 Nolae.
989 2336 1015 2395 3,
1031 2335 1074 2386 14.
1111 2336 1178 2385 Vide
1200 2337 1329 2386 Villoiso·

240 2415 426 2478 uqeudisaute
441 2416 633 2478 aequinoctium
645 2415 763 2478 neurus·
802 2414 959 2474 nliAuecd.
980 2413 1026 2464 Gr.
1047 2414 1085 2462 11.
1104 2428 1131 2477 p.
1154 2413 1216 2464 316.
1239 2419 1266 2463 et
1286 2415 1329 2463 la·
1414 2437 1415 2464 ι

238 2493 344 2556 fecerit,
371 2494 433 2541 dum
448 2495 514 2543 reiut
531 2494 591 2542 iude
604 2500 703 2542 uatum
721 2506 764 2541 eu·
802 2493 865 2541 eobs
879 2491 963 2540 Lecti.
983 2492 1051 2541 Ven.
1067 2506 1093 2553 p.
1113 2491 1174 2540 380.
1191 2516 1221 2526 -
1244 2493 1330 2541 Italo-

235 2571 435 2633 probratieuem
444 2571 547 2635 foedam
558 2571 764 2634 putantiumui-
801 2565 890 2632 aceto]
911 2570 1028 2619 «salibus
1042 2585 1106 2622 vere
1119 2571 1238 2631 Latinis,
1264 2585 1329 2620 acu·

240 2649 764 2712 reaperimitationemcarituralitirtem-
802 2647 912 2696 leatiset
922 2649 1120 2698 mordacibus.»
1131 2649 1326 2700 Plautl’seud.
1414 2637 1415 2662 ¹

237 2730 357 2789 perurit,
398 2741 472 2790 quem
510 2727 626 2775 cuculum
658 2733 762 2776 uocant.
802 2725 833 2786 2,
854 2725 885 2787 4,
906 2727 956 2776 liii:
984 2729 1084 2790 Ecquid
1104 2727 1180 2780 habet
1203 2729 1226 2775 ir
1251 2728 1328 2776 homo

240 2805 354 2854 Dedecus
372 2805 439 2854 euim
456 2803 565 2852 habetur
585 2804 765 2865 opprobrium·
802 2805 869 2852 aceti
886 2805 915 2852 iu
930 2806 1055 2866 pectore?
1074 2804 1156 2868 Atque
1174 2804 1327 2858 lucidissimi.

240 2895 288 2945 que
300 2882 437 2936 meritum,
451 2881 543 2944 [uicem
555 2882 588 2931 ab
601 2882 650 2930 illa
662 2882 765 2932 uoluere
804 2880 993 2945 -ceusuerir]
1020 2898 1082 2933 eum
1098 2885 1143 2946 qui
1162 2884 1190 2933 h.
1211 2884 1230 2932 l.
1255 2884 1329 2932 idem

239 2962 270 3008 iu
287 2961 338 3009 uite
356 2961 528 3021 deprehendi,
554 2965 585 3009 ut
600 2960 632 3010 ob
650 2961 678 3009 id
691 2968 765 3022 petu-
804 2961 837 3009 sit
850 2974 881 3009 ae
899 2963 995 3023 quippe
1007 2963 1067 3025 qui,
1086 2967 1116 3010 ut
1128 2963 1189 3024 qui,
1210 2966 1329 3024 praestat
1414 2953 1415 2976 ¹

242 3031 343 3087 lauriae
361 3038 427 3086 sales
443 3040 522 3088 etiam
537 3053 594 3088 cum
608 3041 766 3102 primnuere
804 3039 1009 3096 coniunctivus,
1048 3039 1169 3088 firmatus
1200 3041 1283 3089 etiam
1313 3053 1329 3089 a

243 3116 380 3165 luduntur.
424 3116 554 3166 Similiter
575 3117 681 3168 Graeci.
707 3115 766 3166 dri·
804 3117 872 3166 meis
895 3116 980 3167 Codd.
1002 3143 1034 3153 —
1057 3113 1143 3181 reque]
1172 3116 1327 3178 Caesarem,
1414 3139 1415 3152 2

243 3195 332 3256 steph.
363 3191 414 3257 Eqss
439 3194 507 3244 697:
540 3193 765 3266 περιεκόκκυσα.
804 3200 834 3244 ut
851 3195 1030 3257 Tarquinium
1054 3196 1206 3260 Superbum
1232 3196 1263 3245 L.
1285 3197 1329 3246 lu-

244 3273 315 3336 Ergo
336 3274 423 3323 viator
445 3273 597 3336 petulanter
618 3273 767 3324 vindemia·
805 3275 866 3322 nius
877 3274 993 3330 Brutus,
1014 3288 1094 3338 aquo
1107 3275 1219 3337 stirpem
1229 3275 1329 3324 ducere

244 3358 330 3402 torem
357 3353 484 3402 cuculum
505 3358 602 3411 uocat,
635 3352 682 3401 sed
702 3353 766 3402 talia
806 3352 885 3414 uolgo
911 3353 1053 3415 putabatur
1083 3354 1120 3406 m.
1151 3354 1262 3404 Brutus.
1298 3381 1326 3390 -

244 3436 354 3494 tamque
387 3434 485 3481 acerba
520 3437 546 3481 et
571 3431 766 3481 contumeliosa
806 3431 1092 3496 operum-tuorum]
1131 3446 1235 3495 uuum;
1277 3434 1329 3483 hoe

244 3523 374 3572 respousa
396 3508 463 3569 lert,
499 3514 528 3560 ui
549 3524 600 3560 000
624 3511 695 3562 vires
717 3521 767 3558 nee
806 3514 831 3558 te
850 3510 963 3572 dignum
982 3516 1031 3561 est.
