2888 4810
506 307 571 356 ure.
590 307 614 356 r.
656 309 761 356 eursu.
784 309 853 356 xix.
1141 282 1220 354 476

138 447 244 533 Rupit
266 447 425 516 Iarbitam
447 445 639 537 Timagenis
659 451 789 516 aemula
811 450 942 538 lingua,
1182 444 1221 506 15

137 569 223 636 Dum
245 570 362 636 studet
382 572 531 636 urbanus
551 569 725 656 tenditque
747 569 893 636 disertus
915 569 1041 636 baberi.

136 690 272 777 Decipit
294 694 466 777 exemplar
481 694 578 758 uitiis
599 693 774 784 imitabile3
798 691 916 778 quodsi

137 811 303 878 Pallerem
325 824 426 888 casu,
449 815 602 880 biberent
624 831 799 904 exsangue
821 815 993 880 cuminum.

178 977 215 1028 11.
253 993 280 1033 v.
300 979 344 1030 15.
364 979 525 1043 bipartitam
542 979 594 1032 LC.
631 979 721 1033 att.
741 981 804 1045 qaid
821 981 844 1029 ti
862 979 892 1031 G.

169 1087 216 1137 tv.
254 1101 281 1138 v.
295 1086 337 1136 15.
358 1087 462 1136 aemuia
474 1101 554 1138 coemo
565 1087 649 1138 codd.
664 1089 729 1151 aliq.
741 1087 852 1151 Cruquii
862 1092 889 1138 et
899 1085 1046 1138 Torrentii.
1075 1101 1102 1141 v.
1117 1087 1160 1138 17.
1168 1100 1220 1151 pro

135 1157 160 1206 ai
178 1155 264 1206 ded.
284 1155 438 1218 Torrentii,
459 1155 530 1208 unde
545 1159 630 1220 prob,
647 1161 671 1234 ai
689 1158 826 1209 Sanadon.

136 1293 189 1346 gua
220 1281 338 1334 larbitue
364 1282 472 1333 aemula
504 1283 660 1346 Timagenis
699 1285 822 1347 magenis
846 1284 1023 1334 aemulatore.
1052 1281 1138 1334 Politt.
1160 1281 1219 1334 Lat.

135 1361 378 1424 rupitlarbitam,
406 1362 471 1412 darn
491 1361 588 1412 stolide
606 1367 660 1412 stu·
699 1363 967 1426 p.391.(}sr.eliam
982 1362 1221 1416 GustaviScbwab

135 1439 181 1490 det
197 1440 226 1489 in
247 1440 418 1490 declamandi
437 1446 494 1492 arte
513 1455 599 1505 aeque
621 1443 660 1491 di·
697 1441 803 1505 llisput.
821 1444 855 1493 de
870 1443 945 1494 Livio
959 1443 1162 1502 cerimonem,
1182 1442 1222 1491 bi·

135 1524 224 1569 sertus
244 1519 419 1583 urbanusque
440 1520 554 1582 baberi,
579 1525 659 1584 atque
698 1522 842 1572 storiarum
868 1521 1062 1585 scriptoribus,
1094 1521 1219 1571 aemulis.

135 1597 315 1648 rbetorille.n
332 1623 365 1634 -
385 1599 578 1660 «Timagenes,
598 1598 660 1649 Ale·
697 1600 793 1663 stuttg.
807 1600 886 1650 teat.
902 1600 930 1651 t.
951 1625 982 1636 -
1002 1598 1102 1664 linpuo]
1118 1601 1221 1651 Lectio·

134 1677 300 1738 sandalum,
332 1677 425 1727 rbetor
457 1682 485 1727 et
516 1678 658 1728 bistorlous
697 1671 976 1744 uam'Porpbyriouis
1001 1685 1027 1729 et
1048 1680 1133 1730 Codd.
1153 1680 1219 1744 allq.
1243 1695 1245 1706 ¹

134 1753 256 1820 (scripsit
276 1757 370 1807 Libros
391 1757 425 1807 de
443 1758 569 1820 regibus,
597 1757 659 1808 Gal·
697 1757 866 1809 aSanadono
879 1764 1015 1822 receptam
1025 1759 1128 1809 omnnia
1141 1770 1221 1808 comta

134 1833 659 1900 11111111.)16661111111116111111111-
697 1837 883 1901 interpolatori
895 1837 995 1887 deberi
1015 1837 1148 1900 arbitror,
1173 1837 1220 1899 qui

134 1915 361 1966 mam-traductus
376 1920 403 1966 et
420 1930 436 1964 a
455 1917 553 1966 Fausto
567 1915 658 1966 Sullae
697 1918 785 1980 potius
799 1931 881 1981 quam
894 1915 1074 1966 declamando
1091 1917 1220 1966 ltrbitam

134 1993 191 2044 tilio
209 1995 365 2058 redemptus
384 1995 494 2046 taudem
513 1995 541 2045 iu
563 1995 658 2047 Caesa·
698 1996 817 2059 ingluvie
839 1997 958 2059 dirumpi
983 1996 1102 2059 potuisse
1123 1996 1220 2058 opina·
1287 1987 1290 1992 ’

134 2073 171 2122 ris
182 2074 324 2125 Octaviani
334 2075 449 2137 gratiam
461 2075 535 2126 venit
549 2071 656 2137 (Seuec.
696 2081 780 2125 retur.
798 2097 832 2111 ν·
852 2071 983 2138 urbanus]
1004 2076 1031 2124 b.
1051 2075 1072 2122 1.
1088 2074 1146 2123 'nou
1164 2078 1219 2123 tam
1297 2082 1304 2096 ‘

134 2151 261 2204 Controv.
273 2151 348 2217 3t.i·:
362 2155 408 2203 sed
418 2158 527 2217 propter
535 2153 657 2216 linguam
696 2155 729 2203 ad
752 2155 922 2205 dicacitatem
945 2152 1061 2202 retertur
1081 2167 1163 2216 quam
1184 2153 1220 2203 ad

133 2245 277 2294 procacem
308 2237 335 2282 et
359 2226 553 2302 παρ’ῥησὶαν,
585 2234 657 2282 unde
696 2233 859 2295 elegantiam
880 2233 1033 2292 sermonis,
1053 2245 1106 2295 quo
1123 2233 1220 2282 uteba-

132 2305 369 2382 Παρῥησιαστὴς
388 2311 474 2360 dictus
491 2317 531 2361 est
549 2307 657 2374 (fluidas
695 2318 757 2373 tur,
788 2316 816 2362 et
833 2311 875 2361 ad·
890 2309 1015 2374 peritiam
1035 2309 1218 2361 declamandi.

132 2388 160 2438 ln
179 2390 345 2455 Τιμαγένης
354 2387 391 2453 ·),
412 2403 474 2439 mox
492 2390 543 2453 ipsi
561 2389 657 2440 Caesa·

132 2468 170 2517 'ris
190 2469 272 2518 domo
293 2468 467 2519 interdictum
492 2475 541 2518 eal.
590 2469 656 2518 lude
730 2467 773 2519 17.
795 2469 839 2518 18.
883 2465 1001 2531 Decipit]
1026 2469 1164 2528 absolute,
1190 2472 1219 2519 ut

133 2552 244 2610 propter
271 2547 382 2598 facetias
404 2545 512 2611 (senec.
532 2548 581 2611 llp.
599 2545 656 2611 91.)
694 2549 794 2614 [altere.
838 2548 958 2600 Gronov.
978 2547 1056 2598 0bss.
1074 2548 1100 2608 3,
1121 2547 1165 2596 20.
1187 2569 1218 2584 -·

132 2625 166 2675 ab
188 2626 283 2676 Asinio
307 2626 430 2677 Pollione
455 2631 599 2690 exceptus,
629 2628 656 2676 in
694 2629 766 2678 uitiis
781 2625 923 2690 imitabile]
945 2626 1114 2690 «Exemplar,
1135 2625 1218 2689 quon,

132 2706 195 2754 nori
215 2703 327 2755 tantoris
356 2705 513 2756 Tusculano
541 2711 655 2756 mortem
695 2711 780 2756 totum
800 2706 823 2754 si
841 2711 963 2769 spectes,
983 2719 1049 2754 sane
1070 2703 1220 2768 pulcberri·

131 2783 207 2834 obiit.
256 2784 309 2846 Qui
331 2784 494 2847 Timagenes
520 2799 582 2834 cum
609 2785 657 2835 ali·
696 2799 770 2834 mum
787 2789 844 2846 est,
877 2786 924 2835 sed
943 2790 1036 2844 tamen
1055 2785 1119 2835 vitia
1138 2793 1220 2847 quae

132 2864 242 2927 quando
276 2865 304 2913 iu
339 2865 482 2918 bominum
515 2865 655 2914 doctorum
695 2864 853 2915 dambabet
869 2863 1095 2924 imitatuiacilia‚
1115 2875 1220 2913 cosae·

132 2943 322 2993 conventiculo
332 2957 395 2992 cum
409 2944 532 2994 omniurn
546 2943 657 3007 applan·
695 2957 728 3008 pe
753 2944 780 2993 iu
809 2957 930 2994 errorem
960 2945 1029 3006 rapit
1052 2943 1218 3001 imitatores,

132 3035 162 3072 su
180 3021 360 3073 declamasset
376 3022 420 3075 vel
439 3023 568 3086 scriptum
588 3023 656 3073 reci·
694 3023 765 3086 quod
784 3029 892 3086 praeter
905 3027 999 3072 cetera
1019 3023 1087 3072 baec
1108 3023 1165 3085 ipsa
1182 3021 1219 3073 ri·

131 3105 231 3162 tasset‘,
252 3101 366 3162 accidit,
389 3107 418 3152 ut
433 3107 499 3152 teste
524 3102 653 3166 Porphyr.
694 3101 730 3150 tia
753 3101 803 3171 sibi
828 3101 989 3151 aemulanda
1010 3105 1164 3163 proponunt
1186 3113 1219 3149 ac
1309 3119 1318 3126 ·

131 3185 158 3230 et
183 3179 293 3230 muctar.
315 3180 421 3230 Corum.
444 3185 497 3232 vet.
521 3180 603 3243 Cruq.
627 3195 654 3244 p.
694 3179 854 3242 plerumque
885 3180 967 3230 etiam
995 3185 1114 3241 augent,
1145 3173 1218 3230 ueris

130 3257 192 3308 aet.
207 3259 312 3310 Cordus
326 3256 381 3322 (vel
395 3259 507 3321 Codrus,
522 3259 654 3322 siquidem
693 3259 841 3308 luminibus
875 3258 1047 3321 eloquentiae
1083 3258 1219 3320 posthabi-

132 3337 204 3388 idem
225 3343 283 3399 est,
310 3339 344 3388 de
365 3352 419 3402 quo
444 3338 572 3401 Virgilius
597 3339 653 3387 Ecl.
694 3339 755 3389 tis.»
792 3337 841 3387 Vv.
860 3327 933 3386 vitiis
952 3336 1065 3386 reseret
1083 3336 1220 3387 161111-

130 3418 157 3476 7,
176 3419 228 3469 td:
256 3419 359 3467 inuidia
378 3425 539 3480 mmpontur
558 3424 589 3468 ut
607 3419 656 3468 ilic
693 3419 758 3480 cipit
770 3421 796 3466 et
806 3416 839 3465 ad
855 3429 881 3466 r.
892 3415 1029 3465 imitabile.
1050 3415 1219 3478 (Exemplum

131 3493 253 3560 enasor)
279 3497 443 3546 1111111111-
464 3496 576 3558 doctus,
609 3511 656 3546 ua·
693 3495 809 3558 duplicis
837 3495 917 3544 buius
941 3495 1155 3544 constructionis
1173 3495 1220 3544 ad·

130 3575 204 3626 tione
226 3576 356 3637 Maurus,
387 3589 419 3626 ao
442 3571 595 3639 (propterea
621 3577 655 3625 ab
694 3575 805 3624 modum
818 3575 996 3624 memorabile
1010 3576 1121 3638 praebet
1134 3572 1217 3637 Sopb.

130 3647 209 3708 ltlrba
227 3667 312 3717 rege,
334 3660 363 3705 ut
383 3652 523 3718 videtum)
552 3656 656 3704 ldrbito
694 3655 761 3704 Oed.
780 3655 837 3704 Col.
856 3654 922 3704 titii:
944 3653 968 3704 Κ
975 3655 1089 3717 είνοις
1106 3653 1129 3703 d’
1148 3649 1220 3716 ἴσως

130 3735 358 3796 cognominatus,
383 3733 459 3784 illius
482 3735 594 3785 virtutes
611 3747 655 3784 ae·
692 3739 738 3788 κεί
749 3725 816 3786 δείν’
829 3726 1042 3804 ἐπερῥώσδη
1056 3731 1151 3798 λέγειν
1161 3730 1220 3798 mg

130 3826 215 3876 quare
233 3813 366 3863 niteretur
384 3818 411 3862 et
429 3813 515 3862 nimio
531 3813 599 3862 -nisu
618 3817 656 3861 at·
693 3811 900 3882 σῆςᾶγωγῆς,
928 3809 982 3863 oid’
999 3809 1075 3878 ἐγώ,
1107 3811 1218 3876 φανή·

130 3905 183 3956 qua
196 3892 308 3962 ¹ingenti
330 3892 404 3942 rocla
425 3893 595 3954 laterumque
616 3891 656 3939 in·
694 3905 796 3945 σεται
814 3885 999 3961 Μακρόν“τό
1022 3886 1109 3958 δεῦρο
1130 3889 1219 3940 ntia*

129 3971 251 4021 tentione
282 3970 459 4033 diaphragma
489 3965 656 4031 dirumperet
694 3967 768 4036 γος.)
805 3969 845 4018 bd
868 3969 1029 4018 seutentiam
1046 3967 1095 4016 cir.
1114 3967 1218 4016 ctam
1259 3979 1264 3986 “

129 4053 156 4100 et
173 4049 262 4098 subita
281 4055 367 4098 morte
385 4050 513 4112 periret.»
539 4048 611 4099 laun
623 4061 656 4096 ex
694 4049 815 4109 Orati,
835 4049 879 4101 22.
902 4070 932 4084 -
952 4043 1098 4106 caminum]
1118 4045 1219 4107 «ptisa-

129 4128 279 4180 Weicberti
293 4127 446 4180 comment.
457 4129 491 4179 de
501 4127 601 4177 liirbita
612 4127 657 4176 ui·
672 4127 677 4179 t
693 4129 810 4178 uarium,
823 4127 954 4176 cumini.»
974 4125 1044 4174 Pliu.
1066 4125 1100 4174 ll.
1122 4123 1155 4174 N.
1172 4122 1217 4183 aa,
