2856 4782
505 323 570 370 bru.
593 321 613 366 ι.
656 321 729 368 sur.
752 322 796 368 vr.
1140 301 1192 370 93

108 463 190 527 Nam
213 464 251 525 ut
274 459 413 544 quisque
435 459 574 526 insanus
595 461 702 547 nigris
724 459 865 526 medium
887 459 1036 546 impediit
1057 479 1135 529 crus

113 581 263 648 Pellibus
284 583 319 646 et
341 582 443 644 latum
467 579 597 644 demisit
620 584 758 665 pectore
780 582 928 664 clavum,

109 701 217 767 Audit
239 701 415 768 continuo:
439 698 521 782 Quis
543 699 639 766 bomo
658 701 714 768 hic
728 693 810 766 est?
832 720 897 786 quo
913 704 1009 786 patre
1025 695 1151 770 natus?

107 821 154 888 Ut
177 824 205 887 si
228 824 283 906 qui
305 823 462 910 aegrotet
484 840 549 907 quo
572 822 685 887 morbo
707 821 851 907 Barrus,
872 821 987 888 haberi
1151 819 1193 882 30

109 941 156 1008 Ut
178 943 293 1027 cupiat
313 941 495 1028 formosae,
518 933 574 1007 eut
597 959 811 1028 quacunque,
824 943 954 1026 ¹puellis

107 1063 240 1129 Iniiciat
262 1081 374 1140 euram
396 1060 578 1147 quaerendi
599 1063 752 1150 singula,
774 1059 863 1147 duali

160 1265 184 1314 1.
220 1279 247 1317 r.
267 1264 312 1315 27.
331 1266 452 1327 impediet
470 1265 514 1315 Se.
535 1260 602 1328 (non
622 1261 662 1330 b.)
699 1279 724 1316 r.
745 1265 790 1316 29.
809 1266 849 1314 bic
867 1265 923 1317 esti
941 1279 992 1329 quc
1006 1263 1189 1328 potronatus]

107 1334 287 1466 {Jfflffnsss}
310 1334 382 1384 sede·
401 1341 503 1385 catast.
522 1335 563 1385 bic
580 1340 628 1386 aut
653 1349 704 1399 quo
720 1342 800 1397 patre
823 1337 924 1386 acturi
951 1336 988 1390 ld·
1035 1349 1061 1388 r.
1084 1337 1127 1388 31.
1155 1337 1190 1386 itt

145 1500 183 1551 11.
220 1515 248 1552 r.
267 1501 312 1550 29.
331 1499 391 1549 bic?
409 1505 434 1550 et
452 1514 502 1564 quo
521 1499 551 1550 F.
589 1514 615 1552 v.
635 1499 680 1550 30.
699 1499 734 1550 Et
752 1501 842 1563 cupiat
861 1500 915 1553 CT.

135 1597 186 1647 lli.
223 1612 251 1651 v.
270 1597 315 1647 29.
335 1597 439 1647 bicoet
459 1609 510 1662 quc
529 1609 544 1646 c
563 1596 648 1648 Codd.

105 1768 299 1819 mediocritatis
313 1781 377 1818 suae
392 1766 468 1818 obliti
484 1768 587 1818 maiora
601 1781 629 1818 se
667 1767 761 1818 Frater
778 1765 828 1817 luit
846 1766 961 1817 iurasse
979 1767 1051 1818 Tillli
1072 1769 1189 1832 Cimbri,

106 1847 169 1910 ipsis
198 1851 343 1910 appetunt,
370 1860 438 1910 quus
463 1861 519 1896 non
545 1847 629 1896 contl-
667 1846 790 1896 Caesaris
809 1847 998 1897 interfectoris.
1022 1848 1190 1899 Tribuuian·

104 1928 163 1976 neri
200 1928 271 1976 intra
301 1926 457 1988 pelliculam
484 1927 628 1975 dicimus.»
666 1929 721 1974 tem
750 1925 863 1975 militum
893 1933 1019 1990 qrtottuor
1050 1927 1191 1991 iepiocibue

55 2070 58 2074 ι
104 2003 207 2055 Ponen.
227 2006 282 2055 Nos
292 2005 321 2053 in
330 2003 383 2053 ulia
393 2017 423 2053 re
434 2004 515 2052 simili
526 2003 627 2065 ligura:
663 2005 758 2064 primis
778 2001 897 2068 (Fragm.
915 2005 982 2067 legis
1000 2005 1131 2056 Serviliae
1144 2008 1188 2056 ed.

103 2083 151 2132 iob
168 2085 295 2132 mbcbte
314 2097 374 2132 uae
392 2083 551 2133 der-licut
562 2083 629 2147 salt-
665 2082 767 2132 Klenze
784 2083 931 2145 p.3et11.
951 2083 1007 2133 Cic.
1019 2098 1067 2146 pro
1081 2085 1188 2136 Cluent.

103 2164 175 2211 ren!
204 2162 365 2222 Martiali,
384 2162 432 2211 lb:
461 2163 494 2212 de
511 2161 628 2212 cerdone
665 2157 722 2224 et.)
741 2161 878 2211 habebunt
896 2162 995 2211 iustati
1013 2164 1094 2213 clavi.
1117 2163 1189 2212 llinc

103 2246 265 2302 arrogante:
280 2247 314 2296 te,
328 2241 487 2300 mihicrede,
501 2247 628 2290 memento
665 2238 739 2288 Suet.
766 2240 867 2290 Domit.
894 2242 941 2289 10:
979 2241 1098 2290 tribunus
1126 2240 1188 2292 tuti·

100 2318 173 2368 Nunc
196 2319 227 2368 io
249 2319 388 2380 pelliculo,
424 2320 515 2374 cerdo,
543 2325 627 2368 testere
663 2317 772 2366 cluvius.
796 2342 825 2354 -
846 2314 894 2379 ut]
918 2331 966 2366 uer
981 2332 1035 2380 quo
1054 2323 1187 2382 tempore,

101 2404 158 2448 tua.
182 2394 270 2460 (Alia,
291 2397 339 2446 sed
354 2397 398 2449 vix
411 2397 567 2461 probanda,
587 2403 628 2447 est
666 2395 809 2445 simulac.»
823 2419 848 2430 -
862 2395 1116 2460 cuprio-Pettium]
1131 2413 1189 2449 cor·

101 2476 288 2539 interpretatio
306 2489 395 2539 nuper
412 2480 560 2538 praeeunte
573 2476 627 2526 alio
666 2474 741 2536 rigiis
769 2479 909 2536 quattuor,
937 2487 969 2523 ex
993 2476 1072 2536 nigra
1096 2477 1187 2538 aluta,

101 2555 210 2605 Sobolio
225 2569 320 2604 rursus
340 2555 457 2618 prolata:
480 2554 563 2604 «Cum
581 2569 628 2604 an·
666 2553 763 2615 quibus
781 2553 871 2602 medic
885 2553 913 2602 in
931 2565 1010 2601 crure
1023 2553 1098 2614 ligati
1112 2557 1190 2603 erant

101 2634 211 2697 liquitus
226 2635 254 2684 in
267 2635 383 2684 lautiore
397 2633 559 2696 supellectili
576 2635 627 2683 ba·
665 2637 822 2681 senatorum
835 2630 920 2680 calcei
930 2631 984 2679 albi
993 2631 1036 2681 rel
1047 2633 1187 2694 purpurei,

100 2714 230 2764 borentur
251 2715 338 2764 lectuli
362 2713 491 2762 Paciaeci
509 2714 627 2762 bcediuie
664 2710 755 2760 addita
768 2710 862 2759 lunula
877 2711 996 2760 eburnea
1010 2710 1082 2758 circa
1092 2710 1187 2760 talum.

96 2791 225 2856 pelliculis
235 2793 316 2842 strati
337 2787 404 2854 (Cic.
416 2805 464 2852 pro
474 2791 545 2841 Mur.
556 2788 624 2853 au),
665 2813 696 2824 ·-
707 2788 769 2850 Qou
781 2790 857 2838 bomo
870 2790 910 2838 bic
922 2789 978 2838 est?
996 2803 1047 2852 quo
1053 2796 1131 2850 patre
1142 2803 1190 2840 nn·

99 2875 197 2936 quibus
211 2869 345 2922 tenuioris
355 2870 434 2919 sortis
447 2869 571 2918 homines
582 2880 626 2919 ca·
663 2865 739 2930 tuat]
769 2867 843 2916 llaec
863 2866 944 2916 lectio
961 2865 1045 2916 Codd.
1064 2880 1188 2918 meorum

98 2957 205 3012 terent,
225 2949 431 3012 ususloqueudt
444 2961 459 2996 a
472 2948 552 3010 plebe
566 2961 626 3010 pro·
664 2957 818 2995 sermonem
831 2944 979 2994 identidem
988 2945 1038 2994 ista
1056 2959 1189 3008 quaeren-

99 3029 185 3080 lectus
211 3029 314 3087 tenuit,
343 3032 389 3086 ut,
418 3027 515 3088 quibus
541 3025 625 3088 pelles
663 3025 731 3074 tium
765 3023 863 3072 melius
899 3025 1050 3086 exprimere
1081 3026 1188 3076 ridetur

100 3108 235 3158 eiusmodi
255 3119 312 3156 non
332 3109 534 3164 sternerentur,
553 3105 581 3153 hi
598 3104 626 3153 in
663 3117 743 3166 quam
757 3103 889 3166 reliquae.
924 3103 1045 3152 liandern
1059 3104 1188 3165 praetulit

99 3199 146 3236 sua
167 3185 242 3248 pelle
258 3185 359 3234 cubare
378 3179 573 3244 dicerenturu)
593 3207 635 3252 ·.
663 3183 745 3231 etiam
766 3180 909 3232 Heindorf.
932 3204 963 3215 -
987 3179 1121 3244 oeprotet]
1154 3183 1187 3232 de

99 3261 284 3330 Sedfittpeute]
299 3263 401 3312 Versus
414 3262 548 3312 heroicus.
564 3261 626 3312 Glo-
664 3261 774 3318 morbo,
801 3259 1003 3321 perturbatione
1027 3261 1126 3321 animi,
1158 3265 1188 3311 ut

98 3344 153 3392 riae
175 3342 251 3392 velut
277 3342 345 3391 deae
369 3354 464 3389 currus
484 3341 623 3397 tribuitur,
662 3345 771 3390 νοσεῖν.
787 3363 818 3374 -
836 3335 956 3399 norme]
977 3337 1032 3388 Cir.
1047 3339 1102 3388 Sat.
1118 3341 1143 3397 1,
1158 3339 1186 3399 4,

99 3426 128 3470 ut
143 3422 282 3471 Victoriae
296 3433 311 3468 a
326 3419 465 3468 Simonide
482 3418 563 3468 Anul.
577 3419 623 3470 Br.
663 3418 735 3476 110„
749 3417 842 3475 homo,
857 3421 1002 3478 antequam
1012 3417 1088 3476 inope
1098 3416 1184 3477 tieret,

99 3499 121 3550 1.
135 3515 162 3562 p.
173 3499 242 3549 137:
262 3492 398 3558 Εὐδόξου
409 3497 503 3558 Νίκας
512 3492 625 3562 ἀγλαὸν
663 3495 767 3544 turmae
780 3495 868 3542 studio
879 3494 1023 3542 immodice
1041 3493 1147 3543 deditus
1160 3499 1187 3544 et

98 3571 164 3646 ἅρμ’
181 3575 304 3641 ἐπέβης.
337 3573 393 3624 Cir.
412 3575 445 3623 ad
463 3575 576 3637 Epp.2‚
597 3575 623 3634 1,
663 3575 846 3624 adulterarum
884 3577 1009 3622 sectator.
1062 3561 1186 3624 «Barrus

99 3655 158 3707 177.
663 3653 792 3702 moechus
802 3651 862 3711 luit,
873 3656 981 3714 propter
992 3652 1186 3702 incestumAe-

131 3733 247 3782 at-a'i.
270 3723 623 3792 Titlilu'lilllusbicsenatu
662 3732 769 3791 miliae,
808 3730 922 3792 virginis,
951 3730 1084 3789 Vestalis,
1123 3745 1186 3782 con-

99 3816 233 3861 motusest
245 3810 385 3861 aCaesara
397 3811 623 3873 quaslPompela·
662 3811 832 3870 demnatusp)
849 3807 884 3873 (1)
903 3809 995 3860 Curtii.
1009 3809 1093 3868 Cano.
1106 3835 1136 3846 ·-
1154 3811 1186 3862 tu
1276 3829 1278 3832 ·

98 3901 160 3948 nus:
188 3891 283 3941 occiso
302 3902 366 3939 vero
384 3890 500 3940 Caesare
521 3889 624 3950 recepit
661 3884 765 3950 cupiat]
801 3888 998 3937 citantem.»
1040 3889 1097 3936 liae
1119 3888 1183 3940 lect.

98 3966 179 4017 latum
199 3970 300 4017 lterum
314 3967 440 4027 clarum,
460 3968 487 4016 id
504 3971 562 4024 est,
582 3980 623 4015 se·
661 3966 814 4017 accuratius
824 3965 1006 4028 significatur,
1021 3979 1075 4029 quo
1088 3969 1184 4016 morbo

98 4047 230 4096 natoriam
250 4045 428 4106 dignitatem,
453 4051 479 4094 et
497 4045 621 4094 tribunus
660 4045 790 4094 laborarit
813 4045 912 4094 Barrus
932 4055 1014 4106 quarn
1034 4044 1119 4094 altera
1139 4051 1183 4101 et:

97 4124 212 4174 militum
225 4124 315 4176 iactus
329 4129 396 4175 est.»
424 4124 515 4176 Corin.
535 4122 619 4181 Canu.
660 4123 732 4186 quod
767 4123 813 4184 qui
845 4122 1002 4184 praeierunt
1031 4121 1184 4183 explicandi
