2928 4794
220 287 302 354 350
565 303 705 350 uonnrrr
726 299 965 353 anteroneuun

516 777 882 904 nrrsronn
942 775 1006 866 v.

307 972 1097 1084 .*nnronunnnum

223 1183 260 1252 st
285 1188 382 1269 potes
406 1183 583 1248 Arcirtacis
604 1183 750 1273 conviva
765 1179 963 1244 recumbere
986 1178 1083 1241 lectis

222 1308 294 1371 Nae
317 1283 445 1370 marlico
467 1322 611 1369 coenare
636 1301 731 1367 times
754 1303 828 1364 otus
851 1318 946 1364 omne
969 1298 1108 1381 pratalia,
1135 1328 1162 1356 η

217 1505 220 1514 ’
275 1496 296 1544 1.
336 1495 384 1556 up.
406 1494 437 1543 v.
459 1477 503 1557 (v,
517 1495 542 1543 1.
563 1493 670 1542 natent
687 1489 820 1540 aretiaco
841 1484 915 1551 nae.)

263 1601 299 1652 lt.
338 1602 387 1665 Ep.
409 1601 440 1651 V.
461 1617 486 1650 v.
507 1602 532 1650 1.
552 1599 681 1674 aretatem
702 1595 775 1647 LCT.
826 1614 827 1617 ¹
868 1561 870 1566 V

258 1755 290 1804 V.
329 1753 429 1803 invitat
456 1754 534 1815 potita
561 1751 682 1800 amicum
711 1751 744 1799 ad
817 1748 911 1798 t-r.
948 1750 1043 1800 iterum
1065 1745 1168 1809 Tauro]
1194 1747 1227 1796 T.
1251 1746 1308 1797 Sta·
1339 1785 1341 1792 .

222 1846 338 1884 eoenam
365 1831 516 1892 frugalem,
555 1831 602 1879 sed
629 1830 743 1889 laetam,
784 1827 946 1878 tilioTauro
963 1827 999 1876 ll.
1017 1839 1079 1876 enm
1093 1827 1215 1888 Augusto
1231 1826 1306 1876 Viti.

224 1924 306 1974 quarn
324 1911 444 1972 proxime
458 1913 520 1957 anm
532 1908 656 1958 Caesaris
668 1907 746 1957 Octa·
782 1919 840 1956 ¹cos.
862 1919 888 1956 a.
911 1920 939 1956 u.
962 1918 987 1954 c.
1006 1905 1068 1954 728.
1090 1929 1121 1942 -
1140 1902 1254 1970 diffusa]
1275 1917 1308 1954 ex

224 1990 298 2039 viani
312 1989 389 2038 diem
408 1987 526 2037 natatem
541 1987 659 2036 tacturus
676 1991 743 2044 erat,
784 1985 863 2033 doliis
885 1985 912 2034 in
930 1985 1026 2045 cados,
1048 1984 1120 2035 uude
1140 1984 1239 2031 dotiori
1260 1996 1308 2044 op·

224 2067 360 2129 simulque
383 2067 416 2116 ad
439 2066 554 2115 hilarem
571 2067 642 2116 vitae
666 2065 745 2114 usum
784 2067 894 2127 ponitur
919 2065 1013 2114 vinum
1037 2065 1167 2129 diffusum.
1206 2064 1309 2112 Contra

224 2147 331 2196 excitat.
359 2146 397 2195 De
414 2146 550 2207 Torquato
564 2146 676 2208 eiusque
691 2158 746 2194 mo·
783 2144 934 2206 defunditur
952 2143 1046 2193 vinum
1060 2156 1090 2193 er
1103 2148 1207 2191 cratere
1218 2143 1245 2191 in
1260 2156 1312 2204 po-

224 2225 299 2274 ribus
320 2225 381 2274 vide
400 2225 433 2273 ad
453 2223 503 2272 oa.
526 2223 552 2282 lt,
575 2223 601 2280 7.
641 2223 745 2285 Scripta
784 2222 845 2271 cula
863 2227 889 2270 et
908 2227 1024 2284 pateras.
1071 2219 1126 2270 Cir.
1151 2221 1206 2270 Sat.
1228 2221 1255 2279 2,
1279 2218 1309 2279 2,

223 2303 330 2353 videtur
349 2317 374 2352 a.
396 2317 423 2351 u.
443 2316 468 2351 c.
488 2301 550 2350 733.
571 2326 574 2331 ·
784 2300 828 2350 58.
866 2300 964 2349 Vinum
984 2300 1065 2362 igitar
1084 2300 1211 2348 hocerat
1229 2299 1312 2362 quin·

259 2369 353 2430 1-'.3.
391 2381 420 2431 Si
433 2378 527 2444 potes]
549 2380 593 2430 «si
606 2385 682 2442 potes
695 2381 746 2430 hoe
785 2392 837 2442 que
850 2391 1000 2438 annorum,
1021 2393 1069 2441 pro
1083 2379 1177 2428 Italico
1188 2379 1251 2427 satis
1266 2392 1312 2427 re-

224 2461 317 2509 abste
339 2460 498 2523 impetrare,
526 2465 554 2510 ut
576 2473 684 2508 mecum
703 2471 746 2506 ac·
784 2473 867 2518 cens,
895 2461 930 2508 ita
954 2464 1059 2517 tamen,
1089 2463 1118 2506 ut
1139 2458 1166 2506 in
1189 2457 1310 2520 simplici
1352 2444 1354 2452 ’

223 2540 414 2588 cumbascet.»
429 2564 454 2574 -
465 2536 611 2600 Archiacis]
627 2537 746 2599 «simpli
785 2535 864 2588 domo
882 2538 940 2586 sine
954 2539 1055 2586 nimine
1078 2537 1261 2599 parcimoniae
1274 2549 1310 2584 ae

223 2618 300 2666 cibus
314 2618 439 2680 quidem,
460 2617 505 2666 sed
518 2614 598 2665 simul
614 2617 678 2666 satis
692 2615 756 2664 eie·'
785 2617 904 2665 sordium
941 2617 1152 2679 reprehensione
1183 2614 1308 2664 convivis

223 2695 364 2756 gentibus,
387 2692 413 2757 (a
434 2696 582 2745 rusticitate
597 2700 670 2743 certe
683 2693 746 2742 atie-
785 2695 884 2757 apponi
907 2699 1006 2756 posset.
1044 2693 1164 2744 Galenus
1183 2707 1226 2755 ap.
1242 2693 1308 2741 atti.

223 2760 746 2834 etandaabhorrebatfloratiam)qua·
785 2775 810 2828 1,
828 2772 879 2822 118:
913 2767 929 2822 ὁ
958 2772 1115 2842 Φαλερῖνος
1142 2767 1223 2835 οἶνος
1247 2767 1327 2820 ἀπὸ·

222 2849 263 2898 ies
282 2850 399 2914 vendere
419 2847 487 2898 solet
504 2849 649 2910 Archiaspr
669 2849 746 2898 saber
784 2849 857 2902 ἐτῶν
874 2843 945 2901 δέκα
961 2850 1022 2903 ἐστὶ
1040 2850 1166 2914 πότιμος
1179 2843 1308 2900 καὶ-ἀπὸ

222 2928 350 2977 lecterius
369 2929 471 2976 Rornae
489 2932 553 2977 tune
570 2934 659 2977 notus.
688 2928 743 2977 Gir.
784 2928 991 2980 πεντεκαίδεκα
1002 2927 1089 2998 μέχρι
1108 2926 1221 2978 εἴκοσιν
1243 2925 1307 2977 κτλ.

218 3005 333 3077 δοῖενὶοι·
352 3006 433 3056 tectos
457 3007 528 3070 apud
551 3006 621 3056 Geli.
646 3007 691 3069 12,
716 3008 742 3056 2.
783 3009 949 3068 Minturnae,
969 3009 1160 3058 Auruncorum
1175 3007 1309 3070 oppidum

223 3085 354 3134 Pausiaca
367 3086 464 3135 tabella
477 3087 531 3136 Sat.
545 3087 572 3147 2,
584 3087 610 3142 7,
625 3087 669 3136 95.
690 3083 745 3147 (ar-
783 3089 817 3137 ad
835 3089 903 3137 ostia
924 3088 993 3137 Liris
1010 3087 1055 3145 il.,
1076 3101 1090 3136 a
1109 3073 1163 3151 q'no
1183 3086 1310 3135 Sinuessa

223 3157 509 3234 ciaicimr'pxaixoig,
521 3170 607 3214 metro
620 3166 744 3216 aduersa·
783 3167 898 3216 distabat
919 3167 965 3216 tx.
986 3167 1023 3216 Μ.
1036 3167 1067 3215 Ρ.
1087 3167 1208 3216 Petrinus
1228 3177 1309 3214 mons

223 3240 288 3305 tur.)
308 3268 338 3275 -
361 3243 416 3291 olus
434 3241 524 3306 omne]
546 3240 579 3294 τὸ
593 3243 743 3306 inscriptio,
783 3251 824 3295 est
841 3245 1021 3314 Sinuessanae
1042 3245 1142 3294 civitati
1159 3245 1308 3292 imminens

222 3311 493 3382 brassicam„beta'm,
517 3323 651 3382 cichorea,
670 3323 744 3384 legu-
783 3324 825 3374 vei
840 3336 905 3385 ager
917 3323 1062 3372 Sinuessae
1077 3323 1191 3372 ricinus.
1212 3321 1307 3371 Coun.

222 3401 295 3448 mina
310 3405 361 3449 cet.
399 3397 453 3448 arn
470 3401 559 3450 minus
577 3407 650 3450 recte
664 3403 745 3450 inter·
783 3401 831 3451 Cn.
852 3401 938 3450 Hodie
958 3403 1040 3473 iiocpa
1052 3401 1080 3450 di
1093 3406 1179 3450 moute
1192 3401 1307 3462 Reponi.

222 3483 379 3540 pretentur:
402 3479 486 3528 «nihil
504 3485 610 3546 praeter
622 3478 682 3529 olus
695 3480 744 3529 tibi
783 3480 977 3529 Sinuessanum
994 3486 1085 3528 autern
1103 3479 1198 3530 vinnm
1212 3477 1308 3526 melio·

222 3569 357 3619 apponam
368 3566 397 3600 :o
417 3571 487 3618 qnae
501 3559 614 3607 ridicula
624 3558 744 3622 proiecto
783 3559 858 3607 ribus
876 3559 1123 3616 adnumerabatur,
1144 3561 1306 3606 nontamen

223 3634 390 3695 parcimonia
410 3633 514 3686 inisset.
536 3661 566 3670 -
595 3635 744 3698 Supremo·
783 3638 909 3700 optimis,
929 3637 1059 3696 Falerno,
1088 3635 1231 3694 Caecubo,
1260 3635 1308 3684 Se·

221 3707 291 3771 rote]
320 3713 386 3760 «sub
405 3726 532 3763 occasum
551 3714 629 3774 sotis,
650 3714 744 3763 adve-
783 3715 1021 3772 tino,Formiano.
1048 3710 1233 3775 (Martinam,
1244 3713 1306 3762 111.

119 3825 121 3830 s
221 3801 340 3854 speram,
352 3791 610 3853 itaquenegotiatna
620 3791 744 3840 adfinem
783 3799 810 3842 et
827 3789 899 3854 113.)
922 3818 953 3828 -
973 3791 1019 3855 Si]
1041 3793 1084 3841 Sic
1102 3793 1155 3841 mei
1175 3792 1260 3841 Codd.
1280 3795 1308 3840 et

221 3867 371 3930 perducere
391 3871 518 3932 poteris.»
555 3870 684 3919 Romanis
705 3870 744 3919 in·
783 3873 872 3922 Bentl.
901 3873 1152 3931 exconsuetudine
1181 3872 1305 3931 Horatii,

220 3949 262 3994 ter
278 3946 374 3996 horam
397 3948 570 3996 undecimam
597 3953 623 3996 et
644 3948 745 3997 duode-
783 3953 828 4014 qni
847 3966 987 4014 nunquam
1004 3953 1087 4000 utitur
1100 3955 1169 4013 part.
1183 3953 1238 4010 sin,
1259 3950 1306 3998 sed

221 4024 335 4080 cimam,
368 4026 447 4074 nobis
473 4029 566 4074 mense
593 4025 743 4088 Septembri
784 4031 811 4079 in
828 4031 1044 4092 oppositionibus
1060 4029 1160 4092 duplici
1178 4031 1210 4078 si.
1249 4027 1304 4078 Cir.

220 4108 335 4152 excunte
354 4105 404 4152 sub
423 4105 519 4153 horam
538 4104 691 4166 septimam.
755 4123 757 4128 ’
782 4108 891 4171 lippi,
907 4110 932 4169 1,
948 4109 991 4160 ot.
1007 4122 1082 4172 seqq.
1105 4107 1148 4156 «st
1167 4107 1232 4170 quid
1251 4121 1307 4158 me-
