2856 4782
513 319 577 364 atu.
599 321 633 364 tt.
676 321 748 364 aar.
769 321 789 364 r.
1114 297 1195 368 159

113 457 222 520 {iente
245 457 360 538 lupus,
383 473 486 520 cornu
509 462 625 520 taurus
647 460 749 542 petit3
771 457 859 522 unde
881 461 943 522 nisi
967 460 1055 525 iuius

110 566 371 640 Monstrutum‘?
393 571 548 639 Scaevae
571 578 722 640 vivacem
745 577 845 642 crede
867 580 981 663 nepoti

108 695 276 758 Matrem:
299 697 346 758 nit
368 696 471 760 factet
493 698 631 760 sceleris
652 699 708 779 pta
729 697 888 782 dextera;
912 700 1040 782 mirum,
1116 739 1122 748 -
1274 785 1278 792 .

107 813 153 878 Ut
166 833 276 898 neque
289 816 383 880 calce
394 817 493 898 lupus
505 834 696 899 quemquam
709 835 817 901 neque
829 816 929 882 deute
941 821 1025 900 petit
1039 820 1115 903 irus3
1149 815 1188 876 55

107 930 176 998 Sed
201 937 287 998 maia
309 936 405 999 toitet
427 955 524 998 anum
547 938 665 1000 vitiato
689 938 784 1001 ineilc
806 938 926 1002 cicuta.

105 1054 155 1118 Ne
180 1055 317 1140 tongum
338 1055 475 1119 facium:
498 1074 558 1118 scu
580 1073 630 1118 rue
653 1058 831 1139 tranquilia
853 1061 1009 1122 senectus

105 1172 298 1256 Exspectat
320 1192 380 1237 scu
403 1192 490 1237 murs
511 1177 594 1238 atris
616 1177 832 1240 circumvolat
854 1177 936 1256 alis,

107 1293 229 1375 Dives,
253 1296 368 1376 inope,
389 1293 516 1357 Romae
539 1311 598 1356 seu
621 1295 760 1357 forsita
784 1299 932 1380 iusserit,
956 1300 1068 1378 exsui,

157 1522 179 1570 1.
218 1537 245 1572 v.
265 1521 310 1570 56.
330 1522 446 1572 totitas.
468 1519 534 1583 (non
555 1521 610 1586 bc.)
647 1539 673 1574 v.
694 1524 738 1574 59.
757 1523 877 1588 iusserit]
898 1526 960 1575 bSc.
981 1527 1071 1575 tuterit
1090 1527 1127 1576 tt.

96 1614 105 1624 '
144 1627 179 1675 11.
218 1625 590 1678 antemnarum.

135 1732 180 1780 lv.
218 1747 246 1780 v.
267 1732 312 1780 tt.
331 1733 370 1780 nii
387 1734 465 1795 saciet
484 1747 519 1782 ac.
537 1747 566 1794 ρ.
586 1735 696 1784 deutera
714 1736 826 1794 mirum,
853 1737 884 1784 Ut
909 1737 1004 1786 Bothe.
1042 1753 1068 1786 v.
1088 1739 1132 1788 55.
1156 1739 1189 1788 Ni

1 1837 2 1880 3
104 1815 197 1863 neque,
217 1801 247 1850 Si
265 1811 345 1864 aeque
360 1801 461 1850 dubiae
480 1802 569 1852 Bentl.
589 1805 706 1866 suspice.
727 1805 796 1853 lhirl.
815 1813 889 1866 petat
908 1805 993 1855 Codd.
1014 1807 1079 1869 aliq.

1 1971 2 2010 fi
104 1981 263 2042 praesertim
286 1981 314 2028 in
334 1981 415 2029 huins
436 1983 544 2042 generis
565 1981 628 2030 sim·
668 2007 698 2017 -
724 1981 835 2045 vitiato]
865 1989 1023 2047 «postquam
1054 1987 1140 2036 cicuta
1172 2001 1188 2036 a

104 2058 234 2120 plicitatc,
254 2058 363 2108 ‘ridetur
376 2059 455 2107 nimis
471 2059 625 2109 artificiosa.
666 2060 766 2110 Scaeva
786 2061 904 2110 immixta
919 2064 1039 2125 corrupit
1052 2064 1115 2123 mei,
1137 2067 1188 2114 hoe

138 2137 268 2186 53-56.
307 2133 432 2198 Scaeuae]
453 2138 627 2187 «Scaevain
665 2137 822 2186 eiectarium
868 2136 1083 2204 (Lutwerqe)
1131 2143 1187 2192 sive

1 2271 3 2282 Ι
102 2216 227 2264 xnrtosus
243 2215 433 2276 quierntne,
453 2216 499 2278 qni
513 2220 625 2264 matrem
665 2216 783 2264 muisnm
802 2215 866 2275 init,
888 2229 970 2264 anum
990 2219 1115 2268 occidit.»

101 2293 165 2340 date
195 2305 304 2341 veneno
331 2294 451 2351 necavit,
483 2298 624 2355 propterea

101 2370 173 2430 quud
203 2370 236 2424 ei¹
255 2371 336 2418 nimis
366 2371 410 2418 diu
432 2371 543 2422 viveret.
582 2371 625 2418 Sic
699 2369 828 2418 58-60.
865 2369 956 2432 More]
977 2373 1066 2432 alata,
1087 2372 1186 2424 nte‘ius

96 2447 196 2496 ,Cicero
211 2460 260 2508 pro
279 2447 380 2496 Scauro
400 2445 520 2509 (Fragm.
534 2450 623 2498 Beier.
663 2447 761 2505 irater,
783 2446 909 2495 Somnus.
932 2447 1024 2510 Eurip.
1039 2449 1099 2499 Alc.
1118 2452 1186 2502 2622

100 2521 221 2586 p.155:)
235 2525 354 2574 Libertus
370 2532 576 2586 patronamque
586 2539 626 2573 cc·
663 2521 811 2594 πτερωτὸς
826 2521 926 2586 Ἅιδας.
964 2526 1015 2575 Oti.
1037 2527 1063 2586 2,
1080 2527 1122 2586 17,
1136 2531 1186 2578 at:

100 2602 179 2656 dciii,
210 2602 254 2650 sed
276 2603 375 2650 duetus
399 2602 516 2665 diqitulia
536 2603 626 2665 qulam
663 2603 822 2665 uolucrisque
856 2604 908 2665 sati
948 2603 1078 2654 Tardauit
1117 2607 1186 2656 aies.

100 2679 216 2726 culm.»
227 2678 318 2729 Cottii.
330 2678 379 2729 Cn.
393 2705 421 2715 —
435 2676 523 2740 erede]
536 2693 625 2728 «com-
663 2680 745 2728 Estne
770 2671 856 2728 eritne
879 2695 973 2731 versus
993 2681 1134 2732 Enniani?
1154 2709 1186 2720 -

98 2757 175 2804 mitte
197 2757 262 2805 huic
284 2753 389 2823 ἀσώτῳ
415 2763 530 2806 matrem
549 2758 625 2805 incn—
662 2755 781 2818 iusserit]
802 2757 846 2807 Sic
856 2772 950 2808 omnes
962 2761 1016 2808 mei
1030 2765 1056 2809 et
1066 2760 1187 2810 Pettierii

98 2835 241 2884 studitam:
263 2847 329 2882 saue
343 2835 448 2892 dextra,
469 2836 624 2896 quantique
663 2833 747 2883 Codri.
772 2837 875 2885 Luserit
895 2837 963 2887 iliud
983 2838 1053 2887 Feae
1072 2838 1132 2901 (nv.
1152 2840 1184 2888 Α.

98 2913 161 2972 pius
182 2912 236 2959 dici
256 2917 360 2973 potest,
386 2925 446 2961 eam
469 2927 524 2961 non
543 2914 624 2961 trnci·
663 2913 696 2958 ab
712 2913 809 2961 eadem
826 2928 908 2963 mann
922 2915 949 2962 in
964 2930 1050 2978 marg.
1088 2917 1137 2966 Ch.
1153 2916 1185 2966 Α.
1235 2943 1238 2955 ι

97 2989 201 3036 tabit.»
232 3013 262 3024 -
289 2991 402 3043 mirram,
429 2987 474 3050 Ut]
514 2990 624 3052 «Aeque
662 2991 717 3038 at.
738 3004 774 3038 m.
797 2992 844 3040 Ba.
859 2992 962 3041 ΑΜ.
980 3009 1017 3043 m.
1037 2995 1139 3044 iusserit
1153 2996 1184 3044 V.

99 3067 202 3114 mirum
216 3071 256 3114 cst
268 3066 319 3115 hoc
333 3072 413 3128 atque
432 3066 497 3115 iliud
512 3069 624 3128 quod·-
662 3065 738 3132 c»)
770 3070 924 3119 destituitur
953 3086 984 3121 ea
1010 3075 1185 3131 auctoritate,

97 3145 164 3205 petit
177 3144 260 3202 bos,u
280 3145 376 3203 idest,
398 3151 541 3193 «neutrum
564 3159 624 3206 pro·
662 3161 744 3208 quam
765 3149 792 3196 in
811 3154 865 3197 tam
883 3151 959 3210 gravi
978 3152 1126 3200 mutatione
1145 3165 1185 3199 rc·

95 3221 167 3270 iectu
200 3223 301 3270 mirum
326 3227 395 3270 est.»
434 3222 622 3272 «Contrarium
662 3225 804 3285 quirimus.
843 3227 986 3278 Praeterea
1001 3228 1121 3276 Fortuna
1135 3229 1185 3277 dea

95 3301 170 3349 enim
184 3305 225 3348 eat
239 3300 359 3349 Scaevae
379 3300 464 3348 induti
485 3300 557 3349 icrro
576 3301 622 3350 iic·
662 3308 734 3350 recte
747 3303 833 3351 tudere
846 3305 945 3352 dicitnr
964 3300 1025 3366 (Od.
1037 3305 1063 3362 3,
1074 3305 1117 3363 29,
1128 3302 1184 3366 50.)

94 3379 183 3425 mines
196 3378 335 3436 occidere,
357 3379 403 3426 sed
418 3379 498 3426 nomo
510 3379 622 3438 ignavus
662 3392 715 3426 non
734 3380 797 3427 item
811 3382 875 3442 sors.
898 3407 927 3416 -
948 3382 1077 3441 acutam,
1098 3377 1184 3442 celer]

94 3469 143 3516 pru
168 3454 264 3503 doloso
286 3468 336 3502 sun
356 3455 466 3516 ingenio
484 3461 622 3517 promptus
662 3456 839 3518 «Quicunque
867 3458 918 3505 erit
944 3463 1022 3506 tenor
1046 3464 1185 3519 statusque

94 3534 333 3581 eritadvenennm
342 3533 419 3580 matri
433 3533 620 3582 miscendum:
660 3535 730 3582 vitae
748 3547 840 3592 meae,
871 3535 989 3584 scrihere
1012 3549 1141 3598 pergam,
1162 3536 1185 3586 si

95 3625 192 3672 reapse
206 3617 299 3659 antem
314 3597 428 3672 uterque
438 3612 553 3659 necandi
567 3625 622 3660 mu·
660 3611 843 3679 qualicunque
861 3614 941 3663 modo
962 3621 1113 3664 commotus
1136 3628 1186 3666 cru

94 3690 143 3737 (ins
158 3702 246 3749 aeque
260 3688 409 3736 sceleratus
423 3693 491 3736 est.»
513 3687 623 3737 Goeiier
661 3686 698 3752 (v.
712 3687 769 3751 ta.)
791 3692 947 3753 aequalium
964 3695 1007 3742 vel
1028 3695 1100 3744 vitiis
1121 3695 1186 3743 ridi-

93 3767 124 3814 ad
139 3765 228 3814 Plauti
242 3765 321 3814 Trin.
331 3779 358 3826 p.
370 3765 431 3814 137.
452 3779 547 3827 parum
561 3779 622 3828 pro·
660 3767 728 3815 entis
748 3768 791 3816 vel
808 3769 836 3817 in
852 3784 895 3819 me
912 3771 1071 3832 iniquitate,
1091 3760 1125 3822 ct'
1138 3787 1184 3835 ep-

92 3843 220 3891 babiiiter
240 3843 298 3892 voit
323 3841 440 3900 Mirum,
473 3843 557 3903 Quin,
593 3849 621 3891 ut
660 3846 776 3904 probriia
802 3848 898 3908 dignos
929 3849 1110 3899 insectabor.»
1143 3847 1181 3913 (r.

92 3920 196 3970 eisteti.
210 3921 237 3979 t,
253 3921 280 3978 2,
295 3919 345 3968 ct:
364 3919 471 3974 Mirum,
485 3923 548 3982 quin
557 3933 621 3983 quen
658 3919 716 3982 85.)
737 3923 897 3974 Sanedonns
907 3927 1021 3987 castigat
1028 3929 1182 3988 Horatium,

90 3999 223 4046 venetium
243 3999 274 4045 in
301 3998 400 4044 datalia
420 3999 529 4060 infuerit
549 4011 618 4052 uua,
658 4001 732 4060 quod
750 4015 804 4049 non
819 4004 928 4051 motiius
943 4006 1095 4066 scripserit:
1116 4006 1183 4053 Scri·

92 4075 187 4134 idest,
208 4075 360 4123 «nimirum
371 4087 435 4135 grex
445 4087 501 4122 non
512 4073 618 4122 insuit.»
657 4077 736 4135 tem,
756 4081 871 4141 quiaquia
887 4083 937 4129 erit
949 4083 1114 4130 uiteeector:
1134 4083 1181 4146 seq
