2920 4792
239 290 319 364 196
598 308 740 358 uenaru
760 305 962 354 snrmnnun

235 431 408 518 humenti
429 449 585 534 quantum
606 447 700 512 metit
720 445 852 511 Africa.
894 437 979 508 Sive
1001 457 1065 527 ego
1085 453 1212 522 prave,
1292 489 1297 494 .

201 655 205 662 Ι
237 565 308 638 Seu
328 571 439 654 recte,
459 567 524 634 boc
544 567 657 652 volui;
678 583 722 630 ne
743 567 791 630 sis
812 566 953 645 patruus
973 559 1062 624 mibi.
1105 551 1215 622 Credo

237 687 313 754 Hoc
334 683 471 754 Staberi
491 684 687 770 prudentem
709 683 850 748 animum
871 679 1009 744 vidisse.
1053 673 1141 757 Quid
1163 691 1246 761 ergo

237 802 374 888 Sensit,
395 824 468 872 cum
489 823 645 870 summam
667 804 844 887 patrimoni
865 800 1055 882 insculpere
1077 813 1161 860 saxo
1277 786 1322 850 90

236 925 390 992 Heredes
411 917 545 996 voluit‘l
568 921 808 1006 Quoadleit,
831 918 971 986 credidit
993 919 1115 1003 ingens
1215 957 1217 964 >

236 1045 435 1128 Pauperlem
456 1044 571 1132 uitium
594 1045 628 1106 et
650 1043 741 1106 cavit
763 1040 844 1104 nihil
865 1039 991 1123 acrius,
1012 1039 1066 1117 ut,
1088 1036 1117 1098 si

236 1163 341 1228 Forte
362 1165 469 1226 minus
489 1162 641 1244 locuples
663 1179 728 1224 uno
752 1159 937 1243 quadrante
958 1157 1121 1240 perisset,

237 1281 318 1366 Ipse
339 1281 512 1345 videretur
533 1281 599 1344 sibi
617 1281 771 1362 nequior:
796 1279 901 1342 ominis
923 1277 1008 1341 enim
1030 1292 1106 1357 res,

236 1399 370 1480 Virtus,
392 1399 496 1479 ieme,
520 1386 643 1484 decus,
665 1395 778 1460 divina
801 1397 1026 1478 humanaque,
1047 1389 1196 1476 pulchris
1278 1384 1318 1448 95

238 1516 372 1582 Divitiis
393 1520 528 1602 parent3
551 1535 634 1602 quas
656 1516 710 1601 qui
733 1515 980 1593 construxerit,
1002 1513 1059 1576 ille

289 1690 312 1741 1.
349 1705 376 1744 v.
395 1691 440 1742 99.
459 1692 498 1741 nil
516 1703 651 1753 supersor.
669 1690 736 1738 nibil
754 1690 794 1739 S..
827 1704 852 1739 v.
871 1687 916 1738 93.
943 1665 1087 1750 cericeis,
1117 1679 1184 1748 (non
1202 1683 1247 1731 bc.
1267 1693 1321 1731 nec

236 1757 365 1824 Franeqt)
402 1775 429 1811 u.
448 1760 493 1809 93.
513 1760 676 1808 contraxerit
695 1759 721 1807 b.
742 1755 810 1822 (uon
829 1753 886 1819 Sc.)

276 1865 314 1914 11.
350 1878 377 1916 v.
397 1864 441 1916 89.
460 1865 561 1914 iustitie
578 1864 608 1913 L.
629 1863 701 1913 coui.
738 1877 765 1914 r.
785 1862 829 1912 93.
846 1862 945 1923 periret
965 1860 997 1909 T.

263 1966 313 2018 lll.
350 1983 377 2020 v.
396 1969 441 2019 93.
456 1969 555 2030 periret

237 2108 302 2172 pulo
328 2110 447 2159 dandum
474 2123 505 2159 er
527 2109 626 2159 tamesi
653 2098 758 2172 nepotis
797 2107 940 2171 praecedat
957 2118 1069 2156 necesse
1090 2105 1141 2164 sit,
1160 2103 1318 2155 ut·Terent.

237 2186 358 2236 arbitrio.
395 2187 428 2247 Q.
450 2185 522 2236 Arrii
543 2188 653 2250 epulum
677 2186 758 2236 iune—
796 2187 906 2236 Pborm.
919 2187 945 2242 1,
959 2184 1046 2244 269:
1065 2183 1142 2238 Non,
1162 2182 1318 2242 creduut,

237 2261 286 2312 bre
302 2269 467 2312 memoratur
483 2277 499 2313 a
518 2264 649 2314 Cicerone
666 2264 694 2313 in
707 2264 758 2313 Va·
796 2265 818 2313 ei
827 2270 907 2326 pater
924 2261 1027 2312 ueniam
1041 2260 1140 2309 doreti
1158 2259 1276 2320 Adelph.
1290 2261 1318 2320 2,

198 2368 203 2383 ·
237 2329 365 2399 tiocli&
386 2341 462 2390 euius
475 2340 523 2390 tilii
538 2332 566 2390 ut
579 2342 683 2404 prodigi
701 2349 770 2390 ear-¹
796 2342 822 2400 1,
837 2341 890 2388 24:
913 2339 941 2389 Si
953 2339 1095 2402 attipiatee,
1114 2338 1194 2400 ferree
1206 2337 1321 2399 insectet-

237 2423 338 2479 puntur
359 2431 420 2467 mox
436 2432 462 2468 v.
477 2419 539 2468 aba.
559 2419 757 2469 Gladiatoribus
794 2419 877 2466 nium.
905 2417 1005 2465 Periret
1022 2415 1113 2464 nescio
1134 2428 1183 2463 our
1200 2413 1321 2475 praefert

237 2498 263 2543 et
281 2495 361 2556 epulo
386 2497 515 2546 accedere
541 2497 655 2546 debebat
676 2497 757 2545 etiam
796 2494 1058 2553 rassownasam,
1073 2493 1099 2542 3.
1121 2507 1147 2554 p.
1161 2493 1204 2540 12.
1226 2515 1257 2526 -
1276 2505 1320 2540 ae-

236 2571 411 2622 lrumeutatio
439 2575 582 2625 immensa.
611 2599 640 2610 -
676 2587 757 2636 quan·
796 2568 891 2636 quior]
932 2572 1054 2634 Nequitia
1087 2574 1233 2631 usurpatur
1262 2582 1320 2619 non

237 2655 292 2698 tum
302 2649 483 2713 metitdsrica]
504 2651 550 2699 list
561 2651 758 2712 quasiprouer·
796 2651 884 2700 solum
899 2650 932 2698 de
950 2649 1055 2697 luxuria
1072 2661 1104 2696 ao
1118 2648 1248 2706 libidine,
1269 2642 1319 2695 sed

237 2725 323 2774 bium.
342 2726 393 2775 Od.
414 2728 480 2786 1,1,
495 2728 537 2775 10.
796 2728 877 2780 etiam
896 2727 929 2775 de
951 2725 1137 2788 prodigentia,
1165 2737 1234 2787 quae
1255 2737 1320 2774 cum

271 2794 393 2852 ss-ot.
430 2803 480 2852 Seu
492 2799 576 2863 recte]
595 2804 683 2853 Verba
695 2809 758 2852 sunt
795 2804 849 2853 illis
868 2804 939 2855 vitiis
958 2803 1102 2853 coniuncta
1121 2807 1171 2851 est.

238 2879 352 2928 Staberii
366 2881 444 2942 quasi
456 2884 646 2929 testamentum
657 2879 758 2930 sacien—
1114 2943 1116 2946 Ι

236 2957 290 3004 tis:
311 2956 371 3005 «Sic
387 2956 464 3018 volo,
484 2958 522 3006 sio
537 2958 630 3016 iubeo;
652 2959 755 3009 vosbe-
829 2958 943 3008 95-99.
975 2954 1215 3019 omnia-parent]
1240 2957 1317 3006 Haec

235 3033 330 3090 redes,
349 3032 433 3082 nolite
447 3046 490 3083 me
504 3034 702 3096 reprehendere
712 3042 758 3084 aut
795 3035 887 3083 omnia
902 3049 919 3084 a
935 3036 1061 3086 Stertinio
1081 3044 1144 3085 κατ’
1164 3035 1315 3104 εἰρωνείαν

237 3110 396 3171 obiurgare,
425 3115 455 3159 ut
482 3112 570 3161 solent
592 3112 681 3174 patrui
704 3111 758 3161 ira·
796 3124 826 3159 er
835 3113 1090 3170 sententianteaioris
1101 3112 1242 3161 bominum
1255 3124 1316 3174 par·

236 3188 756 3257 trumliberosasperiustractarequam
795 3189 828 3238 tis
845 3191 981 3241 dicuntur.
1003 3215 1034 3226 -
1053 3187 1247 3250 aestimaverit]
1270 3194 1316 3240 aut

150 3289 156 3301 ι
236 3272 326 3330 patrea
347 3267 426 3328 ipsi.»
457 3266 513 3316 Cir.
531 3267 581 3316 Od.
603 3268 635 3322 3,
652 3267 701 3327 22,
720 3269 756 3316 3:
795 3273 896 3318 struem
906 3268 1105 3326 coacervarit;»
1125 3267 1165 3315 sic
1175 3267 1231 3316 Sat.
1245 3269 1273 3326 1,
1287 3269 1315 3328 1,

233 3351 348 3404 patruae
360 3344 468 3394 uerbera
477 3345 592 3407 linquae.
617 3345 672 3394 Sat.
686 3345 712 3404 2,
727 3345 755 3406 2,
793 3345 845 3394 id:
872 3351 1041 3402 constructus,
1057 3357 1173 3393 metuas.
1204 3343 1260 3393 Cic.
1283 3345 1317 3393 de

235 3419 279 3470 97.
301 3446 331 3457 -
353 3421 420 3484 Quid
437 3419 513 3484 erpo]
535 3423 627 3490 «Quae
640 3435 756 3482 ergora-
793 3421 854 3483 lege
867 3434 925 3482 agr.
944 3422 971 3480 l,
989 3421 1022 3470 5:
1042 3425 1192 3469 constructa
1211 3427 1237 3470 et
1256 3435 1317 3470 coa·

235 3497 272 3547 tio
286 3512 348 3546 eum
362 3498 506 3547 induxitio
522 3525 549 3534 -
573 3495 680 3560 Quoad]
699 3512 756 3548 mo·
792 3504 898 3547 cereata
912 3500 1034 3559 pecunia.
1053 3497 1169 3546 Phaedr.
1188 3497 1214 3546 3.
1240 3496 1315 3548 Prol.

235 3575 423 3636 coeptabam,
450 3579 479 3623 ut
492 3575 601 3636 debinc,
621 3580 648 3624 et
665 3576 756 3624 decede
792 3575 845 3624 24:
877 3576 921 3636 qui
937 3587 1048 3637 maanes
1065 3575 1124 3635 'epea
1144 3574 1317 3640 Eaapperace

167 3699 172 3709 ,
235 3650 324 3713 bisyll.
345 3675 376 3686 -
387 3639 505 3712 perisset]
527 3653 753 3710 «substituebant,
792 3653 895 3713 quaem
907 3652 977 3700 omui
992 3651 1093 3714 cipitia.
1114 3649 1234 3700 Praestat
1246 3653 1316 3702 baec

235 3729 326 3786 credo,
343 3728 457 3788 periret,
478 3730 541 3790 quia
555 3735 708 3790 utrumque,
729 3734 755 3776 et
792 3727 872 3776 lectio
882 3733 908 3776 et
918 3733 1027 3790 propter
1040 3729 1204 3778 evidentiam
1216 3734 1243 3778 et
1255 3743 1317 3792 pro·

229 3806 329 3866 periret
351 3808 377 3851 et
399 3805 547 3864 videretur,
575 3806 671 3856 eodem
689 3808 755 3852 tem·
793 3810 851 3865 pter
867 3804 951 3854 Codd.
965 3807 1153 3855 auctoritatem
1164 3807 1244 3854 alteri
1256 3820 1317 3856 con-

178 3869 185 3874 *
234 3894 299 3943 pore
326 3879 493 3930 efferendum
516 3894 575 3930 esee
598 3882 753 3942 putabant.»
792 3875 916 3930 traxerit.
931 3908 963 3917 -
980 3879 1157 3943 Sapiemuei]
1176 3883 1238 3933 Noli
1251 3897 1316 3934 cum

232 3959 336 4009 Bnnrt.
372 3957 532 4008 Accuratius
550 3958 754 4020 plusquamper-
792 3958 931 4007 nonnullis
959 3958 1011 4008 boc
1039 3960 1159 4009 tribuere
1184 3959 1314 4023 lloratio;

232 4034 347 4096 lectum,
379 4050 441 4085 cum
460 4037 529 4084 baec
549 4036 619 4084 ectio
640 4035 754 4088 alteram
791 4035 971 4098 Damasippus
999 4037 1073 4086 enim
1103 4050 1134 4087 ex
1160 4036 1314 4090 Stoicorum
