2920 4792
250 261 333 332 270
608 281 749 330 nomnen
770 281 969 328 snrtnanun

247 422 311 503 Qui
332 423 395 487 iam
418 422 591 500 contento,
613 423 674 484 iam
697 421 775 483 laxo
798 419 877 482 fune
899 415 1040 484 laborat.
1265 379 1328 472 'eo

134 525 138 531 ⁵
246 541 322 606 Non
344 540 436 607 dices
455 536 571 624 hodie,
593 557 748 622 quorsum
769 537 853 602 baec
875 541 942 601 tem
964 535 1081 620 putida
1102 529 1260 618 tendant,

246 651 429 724 Furcifer?
450 657 508 722 Ad
522 661 567 742 te,
587 659 730 741 inquam.
763 653 959 742 Quopacto,
981 647 1149 739 pessime?
1171 653 1306 718 Laudas

247 777 427 841 Fortunam
451 780 485 840 et
506 795 615 840 mores
636 777 796 859 antiquae
815 777 940 859 plebis,
962 777 997 838 et
1019 773 1119 857 idem,

248 891 286 962 Si
309 895 381 979 quis
403 869 528 962 odilla
546 893 629 958 deus
649 895 760 958 subito
781 896 817 956 te
840 896 938 981 agat,
960 910 1064 976 usque
1082 910 1235 971 recuses,

247 1014 319 1090 Aut
341 1015 418 1097 quia
440 1032 507 1076 non
528 1013 652 1098 sentis,
674 1011 763 1096 quod
786 1014 928 1092 clamas,
949 1013 1075 1076 rectius
1098 1029 1190 1095 esse,
1288 1005 1327 1066 95

247 1132 319 1198 Aut
341 1134 417 1217 quia
439 1150 506 1195 non
527 1130 639 1196 firmus
660 1134 786 1195 rectum
808 1129 962 1194 defendis
985 1133 1018 1193 et
1040 1129 1175 1211 haeres,

242 1251 472 1335 Nequicquam
494 1268 600 1316 coeno
622 1251 761 1333 cupiens
782 1251 928 1313 evellere
950 1250 1107 1332 plantam.

151 1459 153 1462 Ι
247 1371 376 1435 Romae
398 1388 456 1434 rus
478 1372 592 1454 optas,
614 1369 784 1433 absentem
805 1369 951 1432 rusticus
972 1368 1085 1431 urbem

300 1562 324 1610 1.
360 1575 388 1612 v.
402 1561 450 1679 Sit).
482 1566 538 1609 tom
562 1561 682 1610 contento
699 1571 779 1622 quom
797 1560 823 1608 b.
854 1553 921 1620 (non
940 1554 996 1621 Se.)
1031 1570 1059 1610 r.
1078 1555 1122 1607 27.
1152 1559 1261 1608 avellere
1285 1572 1329 1607 su·

249 1643 383 1694 perseme
422 1664 429 1678 .

289 1735 325 1785 11.
363 1749 389 1786 v.
410 1735 453 1782 20.
473 1739 527 1783 tam
546 1737 667 1782 contento
685 1746 763 1795 quom
782 1732 812 1784 G.

279 1841 324 1890 tv.
362 1839 417 1888 Sat.
431 1819 499 1888 vu.
517 1833 575 1888 Noa
593 1839 674 1893 dmm,
694 1838 769 1886 bodte
788 1849 910 1900 coortum
928 1837 1058 1898 Deering.

249 2007 339 2055 ortum
359 2007 449 2052 estex
467 2001 716 2051 accommodatione
736 2002 770 2050 ad
810 2001 857 2052 12:
878 2000 1022 2063 «serasera
1041 1999 1211 2060 dicebantur,
1231 2002 1277 2064 qui
1293 2003 1328 2052 ob

249 2097 276 2133 v.
284 2083 371 2144 prior.
384 2104 412 2114 -
425 2075 771 2140 Quiiomeoatentossmago
809 2082 869 2132 leve
886 2080 1014 2130 delictum
1033 2078 1199 2139 cogebantur
1212 2092 1227 2127 a
1245 2079 1329 2128 domi·

249 2154 391 2226 ἁμετρίας
404 2158 431 2205 in
444 2161 587 2218 utramque
599 2149 772 2218 partem,'de-
809 2159 851 2209 nis
873 2156 1040 2220 ignominiae
1060 2156 1148 2216 magis
1170 2168 1252 2217 quem
1269 2169 1330 2218 eup-

250 2239 357 2298 sumpte
379 2247 394 2284 a
416 2235 505 2283 nautis
527 2235 606 2283 modo
632 2235 669 2284 ita
692 2233 770 2282 funes
809 2237 883 2299 pltcii
903 2247 985 2284 causa
1003 2233 1078 2282 cirea
1100 2233 1204 2283 vicinos
1225 2233 1329 2282 iuream
1368 2266 1372 2274 -

250 2313 485 2371 contendentibus,
506 2315 535 2359 ut
554 2311 705 2374 periculum
726 2311 769 2370 sit,
810 2309 854 2377 (V)
885 2313 913 2361 in
939 2310 1011 2362 collo
1034 2310 1106 2360 terre
1131 2310 1272 2371 subligatis
1296 2311 1329 2359 ad

219 2440 221 2443 ,
250 2394 468 2452 nerumpantur,
487 2389 566 2439 modo
585 2389 666 2438 nimis
681 2387 771 2438 laxau—
809 2404 870 2441 eam
888 2390 1024 2447 manibus,
1043 2393 1070 2437 et
1091 2389 1249 2451 praedicare
1270 2397 1330 2450 pec·

250 2469 332 2528 tibus,
356 2467 392 2517 ita
411 2472 439 2516 ut
456 2466 517 2517 veta
535 2468 688 2516 concident.
720 2465 772 2514 Lu·
809 2474 899 2518 catum
916 2479 995 2516 suum
1008 2467 1143 2528 simulque
1157 2479 1330 2515 summouere

250 2546 322 2595 cian.
342 2544 413 2593 Diei.
433 2547 543 2593 meretr.
557 2544 584 2602 3,
599 2549 683 2592 exta:
703 2537 770 2612 ὅρα,
810 2551 923 2604 ceteros,
944 2557 978 2593 ue
988 2544 1053 2606 quid
1062 2544 1150 2592 simite
1160 2545 1329 2594 admittant.»

249 2621 291 2689 μὴ
306 2622 382 2672 κατὰ
392 2619 446 2686 τὴν
457 2623 627 2690 παροιμίαν,
640 2614 773 2691 ἀπορῥή·
810 2646 843 2658 -
858 2618 933 2686 apoc]
951 2621 1059 2681 «adigat
1072 2621 1106 2669 ad
1119 2621 1236 2683 priscam
1248 2621 1332 2670 maio-

249 2696 345 2762 ξωμεν
362 2695 439 2748 πάνυ
458 2699 607 2749 τείνουσαι
625 2694 659 2748 τὸ
681 2693 772 2746 καλώ·
809 2714 870 2749 rum
879 2704 1034 2748 nostrorum
1043 2699 1124 2748 vitam
1133 2699 1329 2759 sequendam.»

250 2772 330 2825 deon:
359 2787 429 2837 quae
450 2774 590 2835 exscripsit
607 2772 769 2822 Aristaenet.
809 2776 911 2825 Similis
928 2781 969 2824 est
987 2776 1119 2824 sententia
1136 2773 1330 2834 sm.1‚1‚15.

250 2851 277 2912 2,
297 2853 324 2901 1.
344 2866 371 2914 p.
392 2851 452 2900 tao.
472 2851 559 2899 Boias.
577 2851 619 2899 his
632 2865 675 2900 vv.
696 2863 772 2912 prae-
811 2878 841 2889 -
861 2850 1016 2914 noemma]
1031 2853 1117 2914 «Quia
1131 2865 1186 2902 non
1203 2853 1332 2900 exanimi

250 2929 358 2979 missis:
377 2927 481 2979 oetaeo
497 2943 551 2991 μοι
567 2928 618 2977 καὶ
634 2925 687 2992 τῆς
703 2923 772 2990 eipe-
811 2931 850 2980 tui
876 2931 1010 2980 sententia
1037 2930 1125 2980 credis
1152 2930 1251 2978 rectius
1273 2941 1332 2978 esse

252 3001 491 3078 τρὶαςάπόσχου.
510 3005 565 3054 ain
574 3006 726 3066 cogitarunt
738 3006 772 3055 de
811 3009 878 3057 iilud
895 3009 967 3058 vitae
987 3021 1082 3071 genus,
1104 3008 1175 3069 quod
1193 3012 1331 3069 tamquam

251 3097 323 3147 equo
342 3083 443 3138 innati,
469 3083 516 3131 alii
533 3083 599 3152 περὶ
615 3081 669 3132 τοῦ
691 3082 772 3133 ἑλκυ-
810 3085 977 3134 declamator
1002 3086 1055 3134 atta
1083 3098 1150 3135 voce
1178 3084 1331 3142 ditandas.»

251 3159 354 3213 στίνδα
363 3162 484 3222 παίζειν,
494 3160 541 3208 alii
551 3160 584 3208 de
594 3159 770 3209 funambulis.
812 3187 843 3197 -
868 3159 1000 3226 defendis]
1034 3176 1089 3211 nou
1116 3167 1171 3230 tam
1201 3162 1332 3212 adversus

252 3239 352 3288 Sensus
375 3239 483 3287 clarus:
504 3237 567 3300 oqui
591 3237 672 3287 modo
691 3238 771 3286 nimis
810 3241 889 3300 aiios,
909 3253 991 3303 quam
1012 3253 1078 3301 «pro
1098 3240 1169 3290 virili
1191 3245 1236 3289 tua
1258 3245 1333 3302 parte

251 3317 379 3366 adstricto
400 3321 427 3365 et
447 3328 555 3374 severe,
584 3316 665 3364 modo
690 3316 772 3366 nimis
811 3319 838 3368 in
851 3323 935 3369 temet
947 3319 1006 3381 ipso
1020 3331 1111 3369 servas
1130 3323 1157 3368 et
1174 3318 1288 3367 tueris.»
1301 3341 1332 3352 -

251 3392 311 3443 laxe
330 3406 362 3443 ac
380 3393 551 3454 negligenter
570 3393 662 3444 vivit.»
810 3393 941 3457 abuma]
956 3396 1065 3445 Terent.
1076 3395 1185 3446 Phorm.
1200 3395 1226 3456 5,
1241 3396 1269 3455 a,
1283 3396 1331 3445 15:

286 3470 411 3520 21-31.
441 3468 527 3533 bodie]
548 3484 589 3532 pr.
609 3474 772 3534 «antequam
809 3475 838 3522 ia
852 3475 938 3523 eodem
955 3473 1010 3524 tuto
1027 3474 1151 3528 tamicae,
1173 3473 1218 3520 oin
1237 3473 1333 3523 eadem

251 3548 296 3596 bic
308 3548 366 3597 dies
383 3551 530 3608 transeat»
551 3547 643 3607 idest,
664 3548 771 3607 «illico,
809 3551 997 3600 difficultate.»
1018 3550 1053 3599 Η.
1076 3550 1095 3598 i.
1118 3551 1276 3600 «intricatus
1293 3563 1334 3600 re-

252 3624 370 3673 motim.»
382 3621 608 3686 (Languetattera
619 3625 770 3674 distinctio:
810 3641 905 3679 manes
918 3630 946 3678 in
964 3629 1054 3691 priore
1068 3628 1228 3691 pravitate.»
1244 3653 1273 3664 -
1290 3627 1334 3676 ab·

251 3701 327 3749 bodie
343 3715 466 3763 quoram
484 3703 546 3751 boec
577 3726 608 3736 -
631 3700 772 3764 tenduntt)
809 3702 913 3767 sontem]
936 3718 968 3755 «a
992 3709 1017 3754 te
1042 3705 1195 3755 relictam.»
1217 3730 1245 3741 -
1266 3717 1334 3754 aecu-

253 3777 404 3840 «Quamdiu
417 3791 471 3838 me,
491 3777 590 3838 scelus,
610 3784 664 3827 tam
680 3780 772 3840 inepto
809 3797 868 3832 nem
886 3781 951 3845 otae]
971 3783 1132 3833 «caenutam
1145 3783 1180 3832 ab
1193 3783 1269 3831 omui
1282 3781 1334 3832 soi-

253 3850 540 3925 (φορτικῴμεῐωοιιο
548 3855 689 3916 obtendes,
699 3856 771 3906 haud
810 3860 952 3910 licitudine
978 3861 1120 3912 liberam.»
1148 3881 1182 3894 -
1210 3854 1332 3922 aequam]

253 3933 356 3992 dicens,
376 3934 440 3994 quid
461 3935 509 3984 tibi
530 3933 633 3984 relisi»
657 3958 683 3968 -
707 3935 768 3984 For·
810 3953 873 3988 cum
901 3938 990 3991 verbis
1015 3943 1104 3989 motus
1129 3943 1169 3986 est
1195 3937 1334 4000 topeod-

250 4006 324 4073 αἶα]
344 4011 464 4062 Donatus
476 4014 510 4062 ad
524 4014 586 4064 Ter.
600 4011 685 4062 Andr.
699 4012 726 4074 t,
744 4014 770 4074 5,
810 4018 930 4076 eonem
953 4029 1041 4081 mque,
1063 4027 1215 4077 «sempera
1234 4014 1279 4064 bie
1296 4013 1333 4062 lo-
