2928 4794
155 353 162 362 ,
267 284 347 354 306
601 305 739 384 uoqnuu
762 304 998 352 anisuounuun

267 443 327 516 Sic
349 447 426 514 mihi
448 445 545 512 tarde
567 445 671 511 fluunt
693 449 893 534 ingratoque
915 434 1191 527 temporn‚'qtiae
1214 460 1307 526 spem

269 569 513 652 Consiliumque
536 573 705 632 morantur
719 565 849 654 agendi
874 567 1006 629 noviter
1027 563 1077 648 id,
1100 562 1189 648 quod

266 689 387 774 Aeque
410 688 611 774 pauperibus
633 686 785 772 prodest,
807 685 1030 769 locupletibus
1051 703 1177 769 aeque,
1308 677 1350 740 25

266 809 387 896 Aeque
409 810 597 898 neglectum
621 811 733 892 pueris
755 807 957 891 senibusque
978 806 1121 872 nocebit.

248 929 407 1013 acestae,
429 934 465 993 ut
488 929 539 993 bis
561 947 625 1016 ego
649 947 699 993 me
721 931 794 1013 ipse
816 946 931 1015 regum
953 928 1108 1010 solerque
1125 927 1314 989 elementis:

265 1051 341 1116 Non
364 1052 476 1134 possis
498 1052 593 1115 oculo
617 1053 773 1134 quantum
796 1045 1000 1114 contendere
1023 1047 1197 1132 Lynceus,

256 1229 261 1238 '
317 1225 340 1274 1.
376 1238 403 1276 v.
423 1224 466 1276 25.
486 1221 605 1286 naviter]
630 1223 675 1273 bs.
696 1224 817 1288 qnaoiter
834 1223 872 1273 M.
912 1217 949 1284 (v.
969 1221 1013 1307 28.Ι
1034 1221 1141 1270 Habent
1159 1221 1234 1270 oculo
1252 1217 1311 1284 hs.)

265 1332 267 1346 ¹
305 1323 341 1372 li.
378 1335 405 1373 v.
425 1323 468 1372 25.
488 1323 609 1386 qnaotter
627 1320 703 1370 tet).
742 1335 767 1370 v.
788 1319 832 1369 28.
852 1319 940 1369 ocutos
958 1319 1013 1369 LO.

292 1419 340 1470 111.
379 1432 407 1470 v.
427 1419 471 1468 25.
491 1419 611 1482 qncoitor
647 1433 672 1468 v.
693 1417 737 1466 28.
758 1417 877 1465 onitate
896 1415 962 1467 c1u.
982 1416 1077 1466 Lami.
1097 1429 1113 1465 a
1133 1430 1174 1479 pr.
1195 1429 1232 1465 m.

293 1515 339 1566 Ν.
377 1529 403 1568 v.
422 1515 467 1565 28.
487 1514 635 1564 cendebia.
656 1513 682 1574 8,
703 1527 727 1563 c.
748 1513 828 1563 Feae.

263 1671 398 1722 trabant.»
420 1693 449 1706 -
469 1663 564 1734 munt]
585 1668 613 1716 h.
628 1666 648 1716 i.
664 1666 784 1717 detento
823 1665 900 1730 quasi
919 1666 1055 1716 doetrinae
1076 1666 1293 1729 simplicissimas
1314 1679 1346 1716 ac

262 1756 348 1810 motu,
367 1753 397 1798 ut
415 1746 577 1806 luv.'1‚32:
597 1745 685 1810 defluit
699 1751 782 1794 cetos.
822 1746 1091 1805 minimeabstiusas‚
1108 1751 1137 1794 ut
1147 1746 1236 1808 quivis
1249 1759 1345 1795 earum

263 1854 295 1867 -
311 1830 340 1878 id
351 1823 430 1891 qnod]
452 1825 554 1874 averae
568 1825 717 1887 sapientiae
730 1829 784 1872 stu·
822 1826 962 1874 veritatem
972 1825 1244 1888 intettigatiisqueuti
1252 1830 1343 1888 queat.

263 1909 337 1958 dium
365 1905 439 1954 omut
469 1903 558 1952 ordini
589 1909 669 1965 atque
702 1903 784 1950 aetati
821 1905 880 1954 Non
902 1907 1096 1966 potestautem
1118 1903 1344 1966 aitterexpticari
1449 1949 1450 1954 ,

262 1997 348 2048 aeque
370 1984 479 2046 prodest
497 1986 566 2031 eet.»
598 1981 712 2054 Proptei
729 1982 782 2030 vim
821 1983 873 2030 nisi
895 1982 928 2031 de
950 1983 1125 2044 sequentibus
1143 1979 1276 2047 γνώμαις
1287 1983 1345 2032 Iton
1449 2009 1450 2030 1

260 2064 426 2120 sententiae,
450 2073 519 2123 quae
541 2059 644 2110 nuttam
666 2061 783 2109 admittit
817 2064 902 2122 poesia
920 2067 990 2119 cet.;
1017 2075 1079 2110 uam
1104 2062 1148 2123 qui
1175 2061 1208 2109 ad
1235 2074 1345 2123 praece·
1449 2083 1450 2122 y

260 2143 464 2204 exceptionem,
484 2145 525 2188 ter
543 2151 623 2202 oeque
641 2139 780 2202 repetitur.
820 2140 911 2189 dentia
938 2136 980 2203 (v.
1001 2137 1061 2202 12.)
1082 2139 1218 2199 referunt,
1246 2141 1344 2188 dooere
1449 2129 1450 2212 J

260 2221 297 2272 Ex
317 2221 359 2270 his
378 2232 485 2282 quoque
499 2217 587 2267 eiucet
599 2218 689 2281 aitqua
703 2221 781 2286 εἰρω-
820 2231 869 2266 nos
887 2219 1031 2278 debebant,
1052 2232 1121 2281 quae
1144 2219 1254 2268 taudem
1274 2219 1344 2281 eapi-

258 2299 365 2350 vetaiu
384 2297 535 2347 Stoicorum
556 2297 664 2346 dictata.
703 2295 781 2345 Simi-
819 2297 909 2346 entiae
937 2298 1072 2347 elementa
1103 2298 1213 2346 iamiam
1248 2311 1342 2360 propo·

233 2415 236 2423 ,
258 2377 321 2427 liter
337 2377 472 2438 Diogenes
493 2376 563 2438 apud
582 2375 670 2425 Latini.
689 2375 715 2434 8,
730 2374 779 2424 883
820 2377 903 2425 suerit
916 2378 1005 2439 podia.
1042 2375 1141 2426 Contra
1160 2377 1189 2425 iu
1207 2391 1267 2440 sqq.
1288 2388 1342 2426 ma·

259 2453 320 2523 Τὴν
338 2453 472 2505 παιδείαν
490 2452 550 2505 εἶπε
569 2455 781 2518 μὲννέοιςσω·
819 2454 916 2503 uiiesto
949 2456 1056 2514 insunt,
1087 2460 1116 2504 ut
1141 2455 1215 2504 Zeno
1236 2456 1342 2505 dicebat

258 2531 430 2605 φροσύνην,
449 2537 512 2594 τοῖς
526 2531 556 2582 δὲ
570 2532 780 2602 πρεσβυτέροις
819 2530 939 2594 (britan.
963 2533 1048 2596 Epict.
1066 2533 1093 2588 i,
1115 2530 1155 2596 8.)
1176 2531 1341 2599 τοῦλόγου

256 2610 457 2682 παραμυθίαν,
468 2609 567 2672 τοϊςδὲ
577 2612 682 2674 πένησι
693 2607 779 2658 πλοῦ·
819 2607 955 2675 (rationis)
973 2617 1122 2674 στοιχεῖα,
1149 2617 1179 2662 ut
1195 2613 1339 2674 Epicurus,

257 2704 324 2751 τον,
351 2693 414 2752 τοῖς
433 2687 464 2738 δὲ
486 2687 639 2749 πλουσίοις
662 2685 779 2749 κόσμον
817 2692 916 2758 occipiat
929 2686 1022 2752 δόξαι,
1033 2704 1147 2753 quarum
1160 2691 1265 2754 atiquot
1275 2703 1351 2778 saue·

257 2763 342 2818 εἶναι.
817 2779 847 2814 ox
858 2767 961 2816 Horatii
976 2781 1051 2818 more
1065 2781 1113 2831 per
1125 2770 1248 2832 exempta
1260 2776 1340 2833 atque

291 2844 336 2892 27.
356 2839 456 2904 Restat]
465 2843 674 2892 «Ceterumcum
684 2843 778 2892 etiam·
817 2847 950 2908 imagines
972 2847 1135 2909 efferuntur,
1162 2849 1233 2898 aliae
1255 2850 1338 2910 uude,

255 2922 775 2985 nunctmpediar‚quominusadapirem
816 2932 844 2974 ut
865 2942 890 2977 v.
910 2927 954 2976 o1.

255 3003 288 3051 ad
308 2999 455 3063 perfectam
479 3001 661 3062 sapientiam,
681 3000 775 3050 saitem
850 3005 974 3055 28-31.
1013 3003 1339 3068 conio-contendere]si-

254 3093 299 3129 me
317 3080 415 3141 ipsum,
437 3076 473 3142 (id
491 3079 699 3140 quodomnium
717 3093 776 3141 gra·
816 3083 1336 3145 gnificataciemoeutorumextendere‚

254 3153 454 3217 vissimumest)
466 3157 606 3219 regamhis
617 3159 776 3220 στοιχείοις
815 3162 932 3224 dirigere
955 3177 1040 3226 usque
1062 3164 1095 3212 ad
1118 3169 1220 3213 certum
1243 3164 1336 3223 finem,

254 3249 275 3284 e.
300 3237 416 3304 κυρὶαις
436 3231 548 3298 δόξαις,
575 3249 686 3298 quaaei
708 3237 775 3285 meis
814 3236 942 3300 σκοπόν,
972 3243 1039 3291 uitta
1071 3256 1151 3305 quein
1177 3245 1252 3293 cerui
1283 3245 1336 3293 iam

252 3313 488 3378 qualibuscunque
510 3315 659 3376 sapientiae
680 3316 774 3363 studiis
814 3319 882 3367 ninii
903 3325 1006 3381 potest3
1027 3321 1186 3371 coiitneare.
1225 3322 1283 3372 Cic.
1304 3324 1336 3373 de

252 3393 387 3442 deducere
418 3397 499 3454 atque
523 3393 653 3454 cottigere
683 3393 772 3455 potui3
813 3395 865 3445 oti.
885 3397 911 3455 3,
931 3398 962 3445 2ε
988 3405 1115 3461 quantum
1132 3402 1336 3450 concinentiae

251 3471 319 3520 aiios
338 3470 389 3518 sibi
409 3470 490 3532 ipsos,
512 3475 541 3520 ut
559 3472 662 3531 vetunt,
683 3472 773 3520 mode·
811 3482 897 3535 potet.
917 3484 1044 3538 qnantum
1065 3479 1155 3528 labore
1171 3481 1333 3529 contendere.

231 3550 304 3598 ‘rari
320 3547 401 3598 tacita
419 3551 520 3610 oetion
540 3551 628 3600 obtenu
646 3553 712 3599 enim
730 3563 774 3598 ne·
812 3565 860 3614 pro
880 3553 938 3615 Lig.
963 3553 992 3615 ἕ.
1012 3556 1044 3604 b:
1076 3557 1163 3606 Tanto
1179 3561 1336 3607 coiciendum

249 3629 324 3691 qotio
341 3640 395 3675 non
410 3641 489 3688 curo,
513 3633 544 3678 ut
563 3629 771 3690 Damasippus.»
809 3643 879 3685 once,
894 3638 923 3679 nt
936 3633 1103 3695 boopoputne
1113 3637 1336 3686 Romanoaeeoo·

250 3729 282 3740 -
302 3702 379 3766 soler]
399 3719 454 3755 uon
468 3713 523 3756 tam
537 3707 565 3757 in
584 3709 665 3756 rebus
679 3707 772 3755 adver·
809 3709 877 3758 diat.
898 3709 942 3760 Sic
958 3711 1052 3761 Celeus
1067 3715 1092 3773 i,
1107 3715 1138 3764 5:
1159 3723 1218 3763 ooce
1231 3722 1336 3764 eonten-

248 3783 295 3842 ais‚
316 3797 432 3846 quarum
454 3798 502 3848 per
522 3790 605 3834 totum
623 3784 771 3847 epistotam
809 3787 868 3836 dere
887 3801 935 3850 pro
948 3803 1034 3840 vocem
1046 3793 1178 3842 intendere
1191 3794 1263 3842 iuter
1276 3807 1334 3844 cor·

247 3861 352 3911 nuttam
376 3864 544 3912 mentionem
570 3862 647 3922 iacit,
672 3875 768 3925 quam:
808 3866 882 3926 poris
903 3869 1028 3919 exercitia
1049 3877 1192 3921 memorat.
1212 3872 1333 3923 vitiosae

248 3941 310 3988 «ubi
337 3942 457 3991 minores
483 3954 564 4005 quam
589 3941 688 3991 vetlem
709 3956 768 4003 pro·
808 3943 939 3996 lectiones
961 3949 1042 3998 etiam
1064 3951 1165 4000 ameis
1185 3951 1271 4002 Codd.
1291 3967 1332 4003 re·

247 4031 357 4080 gressus
371 4019 443 4069 tacto
462 4020 489 4068 iu
508 4021 606 4069 virtute
619 4033 650 4069 ao
663 4020 769 4082 sapien·
808 4022 919 4085 tutatae,
940 4029 1035 4084 ocutos,
1056 4029 1167 4085 anatum,
1193 4030 1330 4092 proiectae

245 4097 313 4146 tia.»
334 4121 365 4133 -
396 4097 531 4148 Elementa
543 4102 690 4148 extenuans
704 4099 769 4149 dicit
806 4105 921 4152 suntab
940 4105 982 4166 iis,
1002 4107 1048 4170 qui
1067 4108 1111 4157 bie
1130 4108 1183 4156 iam
1197 4111 1329 4160 accusati·
