2916 4796
237 319 328 412 *boo
587 343 729 391 nostru
750 341 987 390 nrrsronnnum

245 483 459 567 Accipiebal,
482 483 553 564 abt,
569 479 699 568 ‘quaere
720 485 755 547 ei
776 483 882 566 refer,
906 481 995 547 unde
1017 479 1131 564 domo,
1153 479 1243 564 quis,

246 599 348 668 Cuius
371 604 540 683 fortunae,
565 619 630 688 qno
652 605 696 668 sil
719 606 821 687 putre
838 620 948 688 quove
970 605 1124 686 patrono.

244 723 293 803 rt,
315 721 402 786 redit
424 727 458 787 et
479 726 609 804 narrat,
632 722 799 787 Volteium
822 725 953 787 nomine
974 721 1129 800 Menam,
1159 791 1162 796 ,
1285 711 1323 775 55

244 841 466 922 Praeconem,
487 844 580 907 tenui
602 859 721 928 censu,
743 845 824 906 sine*
837 843 989 922 crimine,
1013 843 1141 926 notum3

162 1030 165 1036 ,
245 961 290 1026 ut
313 980 496 1046 properare
518 964 593 1026 loco
616 966 650 1026 ct
671 980 807 1026 cessare
829 966 863 1026 et
886 949 1047 1046 quaerere
1069 960 1173 1053 etuti

246 1081 454 1151 Gaudentem
475 1083 655 1166 parvisque
677 1081 847 1147 sodalibus
868 1085 902 1146 et
924 1083 995 1158 lare
1017 1083 1110 1145 cerlo

296 1302 320 1352 1.
356 1316 382 1352 v.
403 1302 447 1352 55.
465 1302 563 1354 Menon
581 1302 624 1351 be.
644 1316 670 1352 ι.
684 1301 728 1352 56.
747 1302 935 1363 ιίηοινίιιιίιιι,
954 1307 1065 1360 ηοιυιιι,·
1085 1295 1133 1360 lit]
1153 1297 1197 1350 Sic
1207 1299 1326 1350 distinxi.

243 1373 298 1422 mus
316 1373 422 1421 crimine
442 1378 550 1431 notum,
570 1373 605 1421 Et
623 1371 661 1422 bt.
1142 1394 1146 1402 .‚

286 1476 323 1526 ll.
359 1491 386 1529 ι.
405 1477 450 1528 56.
469 1479 524 1528 ene
536 1479 643 1528 ommino
654 1483 760 1538 uotum,
779 1477 815 1528 m
827 1476 924 1530 LCTF.
943 1477 998 1526 siue
1010 1475 1126 1537 ommino,
1145 1479 1238 1525 uotum
1252 1474 1286 1526 m
1297 1473 1325 1524 S.

271 1583 323 1633 111.
360 1597 386 1636 v.
406 1583 451 1634 56.
470 1585 526 1634 tiae
544 1585 652 1634 ommino
665 1561 777 1643 Ιιιαιιιηι,
797 1583 831 1633 Et
850 1596 865 1632 e
886 1581 970 1632 [lodo.
1008 1557 1011 1564 ’

245 1763 288 1813 nis
303 1775 366 1813 cnm
383 1763 490 1826 pigritia
504 1763 620 1826 quanam
635 1775 684 1812 sna
697 1767 769 1812 sorte
807 1773 865 1812 rem
883 1761 951 1812 lore.
989 1760 1091 1810 Liberti
1114 1764 1206 1810 antem
1225 1772 1258 1810 ex
1279 1771 1332 1810 nou

243 1843 367 1892 contenti
385 1841 474 1892 voltus
493 1842 655 1902 habitusque
673 1841 770 1890 excitat
807 1841 992 1893 Romanorum
1003 1845 1081 1900 patre
1093 1839 1174 1899 nullo,
1187 1840 1243 1887 tius
1253 1843 1332 1900 patre

245 1919 419 1982 Philippum,
447 1923 477 1966 ut
496 1919 586 1967 iocum
606 1917 656 1966 sibi
673 1923 767 1980 paret,
806 1925 878 1968 certo
894 1919 952 1967 nati
969 1922 1062 1966 erant:
1091 1921 1256 1980 quapropter
1277 1929 1332 1966 non

246 2007 302 2046 non
319 2001 428 2058 propter
441 1996 626 2059 nescioquam
638 1995 769 2046 invidiam
808 1996 954 2058 respondet
974 1995 1125 2058 quaestioni
1141 2007 1191 2057 quo
1207 2001 1288 2056 patre
1305 2006 1331 2044 v.

246 2079 292 2124 aut
313 2073 461 2134 malitiam,
480 2075 556 2123 cuins
575 2088 637 2124 eum
658 2075 770 2123 insimu·
808 2075 852 2124 56.
875 2098 905 2109 -
929 2072 1024 2123 Verbis
1046 2073 1117 2122 cuius
1141 2073 1274 2135 fortunate·
1291 2085 1333 2120 re·

157 2203 160 2208 .
246 2153 305 2203 lant
317 2154 480 2216 interpretes
493 2152 629 2213 nonnulli,
650 2154 696 2203 sed
710 2166 771 2216 pro·
808 2133 922 2214 spondet
931 2164 956 2202 v.
969 2163 1138 2213 praeconatu,
1160 2147 1334 2198 Stodtaur·

247 2236 308 2294 pter
325 2245 429 2281 meram
442 2227 645 2304 εὐτραπελίαν.
665 2251 698 2268 -·
716 2245 771 2280 noo
808 2232 904 2294 roser.
920 2229 998 2278 Voss.
1037 2227 1138 2279 Cirr.
1162 2227 1207 2276 65.
1228 2251 1261 2262 -
1281 2227 1334 2275 siue

247 2305 420 2371 wavelasetl
441 2306 617 2369 dexterrime,
644 2307 729 2372 (docte
746 2314 771 2358 et
808 2303 930 2368 crimine]
949 2307 1194 2356 uubesobolten.
1220 2305 1335 2354 Formn·

246 2389 353 2438 cordate
383 2395 407 2439 ct
433 2395 504 2444 cote.
537 2394 566 2438 nt
599 2389 636 2439 ait
659 2388 770 2437 Plautus
809 2387 835 2436 la
857 2387 963 2437 videtur
983 2386 1066 2436 luisse
1087 2382 1218 2434 sermonis
1247 2383 1335 2446 qnoti-

248 2465 334 2516 Poen.
355 2469 381 2527 1,
403 2469 430 2528 1,
449 2465 488 2531 3.)
508 2469 665 2530 accipiebat,
686 2467 772 2516 idest
809 2465 899 2525 ellani,
919 2465 966 2514 ubi
979 2466 1039 2528 quis
1051 2465 1085 2513 de
1103 2477 1154 2513 suo
1166 2467 1236 2513 statu
1252 2463 1335 2511 inter·

224 2585 227 2590 .
247 2547 372 2608 excipere
385 2550 412 2608 et
430 2545 555 2596 celeriter
572 2545 689 2612 exsequi¹
702 2544 771 2594 sole·
810 2549 960 2606 rogaretur.
976 2567 1006 2578 -
1025 2539 1132 2604 notum]
1152 2541 1276 2591 absolute
1289 2553 1336 2604 po-

247 2625 321 2674 bat.»
355 2620 440 2687 Ἅπαξ
460 2624 608 2692 λεγομένῳ
630 2626 700 2674 loeus
720 2623 771 2673 Cu·
810 2623 895 2672 uitur:
915 2621 1108 2671 «notuerinter
1123 2620 1249 2669 homines
1265 2619 1336 2669 eius·

246 2703 343 2764 ningb.
363 2703 499 2752 substituit
516 2704 612 2751 laevus.
634 2725 665 2736 -
677 2698 769 2763 domo]
810 2703 872 2750 (lem
889 2701 1072 2756 condicionis,
1093 2700 1130 2748 ltu
1142 2703 1171 2748 ut
1187 2711 1219 2747 ex
1232 2699 1333 2748 borum

248 2781 293 2830 Sic
309 2793 390 2842 saepe
409 2781 438 2829 in
459 2779 671 2842 interimebat.
693 2779 772 2828 Dono
810 2778 930 2842 quolibet
949 2779 983 2828 de
995 2778 1116 2828 moribus
1130 2781 1156 2826 et
1175 2775 1267 2824 intlole
1286 2787 1335 2824 sne

247 2858 369 2908 Pentern
400 2862 451 2908 cet.
503 2857 666 2918 interrogari
692 2857 773 2917 igitur
810 2857 941 2908 sciscitari
956 2857 1075 2915 liceat3u
1095 2860 1151 2905 tum
1166 2855 1268 2916 pergit:
1289 2865 1336 2902 ase

249 2935 334 2994 iubet,
355 2947 441 2997 «quae
454 2935 513 2984 eius
526 2935 611 2997 patria
622 2933 665 2993 sit,
681 2928 770 2996 (quie)
810 2943 834 2986 et
851 2946 996 2998 properare
1012 2935 1088 2984 looou
1114 2938 1166 2982 cet.
1204 2931 1249 2982 Sic
1270 2931 1337 2982 Gno-

250 3012 322 3075 qnod
339 3026 459 3073 nomen,
480 3025 549 3075 quae
567 3025 611 3061 res
625 3011 771 3060 domestica
811 3027 855 3064 aar
871 3013 903 3062 B.
922 3011 952 3063 G.
974 3012 1000 3072 2,
1020 3012 1069 3063 192
1097 3010 1184 3060 bullat
1202 3010 1254 3074 {uit
1273 3009 1337 3058 ciuis

250 3095 277 3140 et
292 3092 431 3152 condicio,
452 3092 623 3153 ingennusne
639 3105 675 3140 an
692 3091 772 3140 liber·
811 3093 942 3141 Romanas
959 3090 1195 3160 poullouotioffi
1214 3089 1279 3152 puin
1299 3087 1338 3135 orl

248 3171 333 3219 tusto
355 3169 446 3226 -lt,
466 3165 697 3236 realitetnorrot]
723 3168 772 3219 bli-
810 3171 878 3220 diam
901 3171 1057 3221 conueniret.
1095 3167 1163 3229 Epp.
1186 3167 1213 3226 1,
1233 3165 1261 3222 6,
1285 3165 1335 3213 25:

249 3247 370 3297 rabiliter
387 3248 455 3297 baec
472 3248 638 3311 respondent
654 3261 698 3299 vv.
712 3246 770 3306 obi,
812 3248 875 3298 Cum
896 3248 970 3298 berte
987 3253 1099 3296 aetum
1111 3271 1123 3281 -
1134 3246 1179 3294 uio
1194 3251 1219 3293 te
1231 3254 1338 3304 compe·

248 3339 343 3390 quoae
365 3332 390 3375 et
410 3326 493 3390 resen·
510 3327 644 3390 -quooirca
660 3325 717 3374 noli
735 3324 773 3372 le-
809 3327 879 3376 merit
898 3323 977 3387 Appi.
1015 3325 1085 3374 Olim
1108 3323 1259 3384 iungebant
1282 3323 1339 3370 sitta

250 3417 315 3468 gere
351 3417 412 3453 cum
450 3403 668 3466 Coningbamio:
713 3402 771 3463 abi,
810 3405 917 3453 ommino
941 3409 1047 3464 uotum,
1075 3407 1168 3452 contra
1191 3404 1338 3450 consuetu·

249 3496 366 3548 quoerep
389 3483 467 3546 roser.
496 3507 528 3518 -
562 3479 684 3544 Mutum]
721 3481 773 3530 iro·
811 3482 903 3532 dinem
913 3481 1052 3540 Latinam
1073 3478 1336 3543 postlleinriobium

248 3575 335 3625 quens
348 3573 488 3612 servorum
507 3573 539 3610 ae
551 3561 711 3613 libertorum
724 3573 772 3609 no·
811 3561 839 3609 in
857 3559 949 3612 Wolfli
968 3547 1049 3608 Anal.
1064 3560 1091 3608 2.
1109 3573 1137 3622 p.
1157 3557 1219 3607 510.
1240 3555 1338 3605 multi:

250 3652 313 3688 men
343 3638 509 3700 populariter
534 3643 690 3702 corruptum
717 3650 773 3686 ma·
810 3643 901 3688 notum
920 3643 944 3686 et
961 3639 1120 3699 propatore,
1146 3640 1177 3684 ul
1192 3649 1261 3686 sane
1274 3647 1340 3685 oon·

250 3717 321 3768 xime
339 3717 367 3766 in
386 3717 504 3776 dialecto
521 3716 719 3774 Alexandrina,
744 3720 773 3766 ut
811 3715 996 3765 struxitSilius
1010 3717 1051 3775 12,
1069 3715 1134 3765 33οι
1153 3714 1263 3764 Delius·
1275 3713 1341 3761 Tro-

249 3797 362 3857 Dmm,
382 3795 506 3858 Apelles,
527 3796 624 3855 Lucas,
644 3808 676 3844 ex
696 3808 771 3845 nom.
810 3796 887 3843 ianos
897 3800 976 3843 notus
984 3806 1083 3855 temper
1091 3793 1214 3841 minuisse
1223 3791 1338 3842 laboret.

249 3873 437 3935 Menodorus‚
474 3873 660 3933 Demodorus,
692 3870 774 3935 Apol·
811 3872 949 3922 Bentleius
967 3885 1045 3921 suam
1062 3871 1126 3921 lect.
1151 3871 1206 3920 tine
1230 3870 1341 3919 mimine

249 3953 375 4012 lodorns,
394 3952 530 4002 bnoanus.
568 3949 653 4012 Igitur
673 3963 704 4000 ex
721 3951 773 4000 hoo
810 3956 903 4000 autum
915 3951 1058 4013 explicavit
1076 3951 1168 4012 «patre
1185 3952 1271 4007 certo,
1290 3947 1341 3994 bo·

249 4044 305 4082 uno
329 4031 441 4081 nomine
464 4029 604 4093 Philippus
629 4030 774 4092 colligebat
811 4028 895 4077 nostis
910 4029 1100 4092 parentibusm
1121 4027 1147 4075 tn
1165 4027 1238 4089 qnod
1258 4038 1340 4087 repu-

250 4109 301 4160 sibi
327 4121 389 4158 cum
418 4107 515 4158 liberto
539 4105 773 4160 Volteii-alieuius
811 4111 877 4172 goat
893 4107 1012 4158 bominis
1029 4106 1135 4160 nomini
1153 4097 1292 4156 libertino.
