2856 4782
241 289 320 357 112
595 309 733 357 noanon
755 289 955 356 sarinnnom

239 449 360 516 'ferret
382 449 630 535 lixavetatque
652 449 751 514 novis
772 448 948 515 considere
968 449 1001 512 in
1024 445 1141 511 bortis.

240 571 316 637 Huc
338 573 429 656 prius
450 573 605 664 angustis
627 570 927 638 eiecta-cadavera
948 569 1043 636 cellis

150 731 152 738 ι
240 691 434 757 Conservus
457 693 515 756 vili
537 691 705 776 portanda
725 693 861 758 locabat
883 693 916 755 in
939 707 1029 756 area.

240 813 316 877 lloo
337 813 477 906 miserae
500 814 589 896 plebi
611 815 725 880 stabat
747 831 918 879 commune
940 811 1146 896 sepulerum,
1286 802 1326 862 10

240 931 427 997 Pantolabo
451 951 588 999 scurrae
610 933 886 1016 Nomentanoque
908 933 1033 1016 nepoti.
1183 927 1186 937 '

240 1051 337 1118 Mille
360 1052 465 1138 pedes
486 1055 522 1118 in
543 1055 673 1136 fronte,
695 1056 868 1120 trecentos
891 1054 1009 1154 cippus
1030 1053 1065 1116 in
1087 1070 1218 1141 agrum.

294 1299 317 1346 1.
355 1297 410 1348 Sat.
432 1298 505 1348 Vlll.
544 1293 581 1361 (v.
601 1299 627 1348 7.
653 1299 762 1348 liabent
786 1287 843 1363 fiae
866 1293 941 1361 bSc.)
977 1311 1004 1348 v.
1032 1297 1076 1345 11.
1103 1293 1254 1346 Pantolabo
1281 1293 1326 1344 Sc.

142 1467 146 1476 Ι
241 1367 447 1500 ggqq't'qlqbsqqs.
480 1368 549 1446 ibid.
568 1368 785 1432 Momentacoqae
803 1368 832 1417 S.
862 1365 928 1465 (non
947 1363 1003 1430 bc.)
1042 1361 1079 1427 (v.
1101 1363 1143 1414 12.
1171 1365 1281 1414 liabent
1299 1366 1327 1412 ia

282 1556 319 1606 11.
356 1555 412 1606 Sat.
433 1557 507 1608 lllll.
543 1572 571 1612 v.
590 1558 617 1609 7.
636 1557 699 1624 peso
716 1557 747 1608 l'.
767 1556 839 1608 coni.
878 1571 904 1608 v.
925 1555 968 1605 12.
986 1556 1016 1604 in
1033 1567 1100 1618 apro
1118 1553 1148 1603 F.

240 1749 325 1812 abigit
338 1763 435 1802 aves.»
451 1773 480 1784 -
498 1747 569 1814 fica]
585 1750 763 1816 Nequaquam
837 1747 944 1798 8-13.
981 1744 1077 1810 eiecto]
1105 1753 1134 1797 ut
1151 1747 1233 1809 vilia,
1261 1759 1328 1812 quo·

240 1834 350 1892 propter
372 1829 494 1891 Propert.
519 1829 551 1888 b,
572 1829 603 1890 7,
630 1829 683 1878 25:
714 1829 764 1879 Neo
803 1840 863 1875 rum
884 1831 991 1890 praeter
1015 1841 1160 1877 conservos
1179 1841 1260 1876 nemo
1283 1841 1328 1876 cu·

240 1909 339 1968 crepuit
359 1907 420 1970 fissa
440 1921 479 1955 me
501 1913 611 1968 propter
635 1908 764 1956 arundine
802 1919 862 1955 ram
891 1907 1011 1968 gerebat.
1034 1929 1066 1943 --
1094 1903 1179 1968 cellis]
1218 1905 1327 1955 miseris
1411 1895 1412 1982 l

241 1991 325 2034 castos
344 1982 410 2048 (qua
423 1985 548 2035 solebant
565 1986 696 2047 castigare
716 1978 765 2034 im·
802 1984 1027 2033 mediastinorum
1039 1984 1188 2043 cubiculis,
1208 1984 1329 2046 plerum·

241 2069 371 2127 portunus
385 2064 487 2112 ostiarii
499 2079 506 2112 ι
517 2063 635 2113 ¹Petron.
650 2078 674 2113 c.
690 2058 762 2125 lat.)
803 2077 855 2126 que
874 2063 1068 2113 subterraneis.
1101 2063 1270 2112 lamborum
1285 2076 1329 2112 ca-

241 2141 295 2202 leg.
308 2143 379 2206 fisso.
401 2141 488 2191 'Sanc
502 2143 583 2191 etium
594 2142 662 2191 haec
675 2141 765 2205 Priapi
803 2145 902 2195 (lanera
920 2144 1044 2194 conservi
1061 2147 1186 2191 mutuum
1204 2143 1275 2190 inlcr
1300 2155 1328 2190 se

241 2220 346 2269 arundo
361 2221 423 2284 fisso
438 2233 497 2269 esse
511 2224 616 2283 poterat
634 2221 668 2268 ad
681 2221 765 2270 maio·
803 2221 923 2273 osticium
942 2225 1080 2272 servantes
1099 2235 1148 2270 suo
1166 2234 1197 2269 ex
1218 2221 1329 2282 peculio

241 2309 300 2347 rem
328 2299 459 2360 crepitum
487 2300 677 2358 excitandum,
717 2299 764 2349 sed
803 2301 959 2364 sepelienda
971 2300 1264 2351 curabant‘conduetis
1284 2313 1329 2350 ue·

241 2377 322 2426 unice
342 2377 367 2425 iu
387 2377 440 2428 dici
462 2379 496 2426 ad
518 2391 577 2427 rem
602 2378 762 2440 pertinebat,
803 2380 982 2442 opilionibus,
1019 2377 1065 2441 qui
1102 2391 1134 2426 ea
1169 2379 1216 2426 oili
1248 2391 1329 2426 arcae

241 2456 289 2504 ubi
304 2455 361 2519 fiac
377 2462 458 2506 esset.
475 2481 503 2491 -
522 2459 623 2514 nouis,-
635 2485 650 2496 -
662 2453 763 2517 bortis]
804 2454 984 2521 (sandapilae)
1006 2457 1130 2519 imposita
1150 2456 1177 2504 in
1191 2457 1328 2519 Esquilias

242 2547 354 2596 «nuper
377 2548 394 2583 a
411 2535 568 2586 Maecenate
603 2536 763 2584 institutis.»
803 2537 929 2586 elicerent
947 2537 1038 2598 ibique
1056 2536 1098 2586 uel
1114 2539 1269 2584 cremarent
1286 2535 1329 2585 rel

241 2611 333 2664 Contu.
359 2612 444 2672 Cnuq.
490 2614 597 2662 «Antea
624 2611 764 2674 Esquilina
803 2616 956 2663 humarent.
973 2606 1003 2648 -’
1019 2615 1127 2662 miserae
1137 2608 1223 2680 plebi]
1239 2612 1328 2661 Locus

241 2693 316 2752 regio
338 2692 469 2753 sepulcris
484 2703 624 2742 servorum
643 2695 670 2739 et
686 2690 765 2738 mise·
804 2691 849 2742 ille
876 2707 929 2741 non
960 2692 1048 2741 solum
1079 2705 1238 2751 servorum,
1280 2692 1329 2740 sed

190 2813 193 2821 ,
242 2773 416 2818 renumerat
443 2770 583 2826 dedicata;
620 2769 764 2818 Maecenas
803 2771 884 2820 etiam
913 2772 1055 2820 hominum
1081 2783 1190 2832 prorsus
1215 2770 1329 2831 inopum

241 2853 332 2896 autem
358 2846 533 2895 considerans
559 2847 630 2895 aiirls
651 2847 764 2896 salubri·
804 2851 956 2912 sepulcreto
974 2855 1031 2898 erat
1050 2850 1198 2898 destinatus
1216 2861 1248 2896 ac
1267 2861 1329 2909 pro-

242 2931 324 2975 tatem
352 2925 443 2974 hortos
470 2938 502 2974 eo
532 2925 585 2975 loci
616 2927 762 2976 instituit.»
804 2934 895 2991 pterea
910 2926 948 2990 (id
960 2928 1029 2990 quod
1041 2941 1103 2976 cum
1114 2927 1212 2975 acerba
1226 2927 1327 2975 irrisio·

241 3003 346 3054 Panem
367 3003 401 3052 ad
422 3003 508 3066 Epod.
531 3005 564 3064 5,
589 3005 649 3055 100.
687 3006 764 3066 Quod
804 3021 837 3060 nc
861 3003 983 3067 adiicit;)
1012 3006 1048 3053 ibi
1078 3005 1225 3076 aliquando
1251 3017 1328 3066 sepe·

242 3082 404 3134 Meibomius
434 3083 575 3145 Maecp.
610 3083 678 3134 liu.
700 3085 765 3134 dicit
802 3082 1329 3135 liendierantPantolabusetNomen-

231 3153 420 3211 'Octavianum
441 3161 468 3210 S.
487 3161 517 3210 P.
532 3161 565 3224 Q.
579 3162 611 3211 R.
629 3176 764 3224 consensu
804 3170 898 3222 tanus,
920 3163 1076 3212 decoctores
1093 3163 1241 3211 etiamtunc
1260 3163 1327 3214 vivi.

242 3239 332 3288 locum
347 3253 409 3288 eum
423 3239 575 3300 Maecenati
586 3243 763 3301 concessisse,
804 3242 879 3290 «Fun
891 3240 1000 3291 Mallius
1014 3254 1097 3292 verna
1113 3237 1217 3304 (scurra
1233 3241 1328 3291 Comus.

243 3331 318 3367 mera
343 3323 383 3367 est
403 3318 557 3368 hariolatio.
577 3318 631 3368 Cir.
652 3320 764 3370 Nardini
803 3317 864 3383 Cn.)
893 3325 967 3369 trans
989 3321 1111 3370 Tiberim
1132 3321 1259 3381 ingenuis
1282 3334 1329 3382 pa-

242 3398 325 3446 lioma
340 3400 439 3448 antico.
464 3398 514 3448 Ed.
533 3398 619 3462 Nibby
641 3400 673 3449 T.
691 3400 713 3450 l.
736 3414 763 3462 p.
802 3399 924 3448 rentibus
938 3397 1031 3458 batus,
1053 3400 1099 3462 qui
1115 3399 1212 3461 quina
1234 3399 1328 3448 multis

242 3475 303 3524 259.
324 3477 360 3525 11.
376 3471 401 3539 ρ’.
418 3477 450 3525 15
464 3482 491 3526 et
503 3477 546 3527 31.
567 3478 595 3526 Si
609 3478 765 3552 Sebqliastis
803 3479 947 3540 pecuniam
956 3482 1078 3527 mutuam
1089 3479 1201 3539 rogabat
1211 3513 1217 3536 ‚
1229 3477 1329 3526 Panto·

241 3553 307 3602 tides
318 3555 461 3603 tribuenda
472 3561 527 3615 est,
543 3557 615 3605 idem
624 3557 668 3605 bic
677 3557 763 3615 locus,
804 3557 879 3606 labos
892 3561 933 3606 est
945 3549 1181 3618 cognominatus.»
1218 3556 1327 3606 Ponere.

242 3633 276 3681 ‹le
289 3646 343 3694 quo
354 3633 480 3682 Horatius
493 3634 628 3696 loquitur,
642 3634 692 3684 suit·
702 3648 765 3682 eum
803 3635 842 3684 De
863 3634 956 3684 Cassio
972 3634 1212 3701 Nomentanoclr.
1228 3635 1285 3685 Sat.
1301 3636 1327 3694 1,

242 3709 383 3770 Reticulis,
404 3711 458 3760 loco
469 3713 573 3774 paetico
589 3713 663 3760 clitro
674 3713 765 3774 Esqui-
804 3714 829 3771 1,
844 3713 905 3762 105.
920 3714 986 3774 2‚1,
999 3716 1041 3764 19.
1061 3715 1087 3774 2,
1103 3714 1129 3770 3,
1144 3715 1206 3763 221.
1221 3714 1328 3764 Seneca

243 3789 309 3850 ltus,
321 3789 365 3837 ubi
377 3792 568 3854 enuncipioram
580 3802 693 3854 corpora
703 3803 766 3851 pto·
803 3790 836 3839 de
849 3790 909 3840 Vita
923 3792 1002 3841 beata
1019 3794 1062 3842 11.
1077 3806 1140 3841 eum
1154 3806 1216 3840 cum
1229 3792 1328 3855 Apicio

241 3867 405 3919 iiciebontur.
442 3869 496 3920 Cir.
523 3870 608 3919 Varro
632 3867 714 3918 LaL.
737 3869 763 3929 5,
803 3869 899 3930 iungit.
914 3896 945 3906 —
959 3871 1031 3922 Mille
1043 3869 1135 3933 pedes]
1163 3871 1204 3920 lbi
1217 3885 1328 3934 quoque

242 3945 270 3994 5.
284 3949 310 3994 et
327 3947 421 3996 Festus
437 3948 465 3996 h.
487 3963 514 3998 v.
550 3947 611 3996 Non
630 3946 765 3996 immerito
804 3947 883 4010 cippo
904 3949 989 3998 incisa
1011 3954 1069 3999 erat
1089 3951 1167 4000 solita
1189 3951 1329 4014 sepulcro·

243 4029 334 4074 tamen
354 4026 405 4075 hac
425 4026 458 4074 de
479 4039 508 4073 re
528 4014 765 4078 dubitatWielan·
803 4038 863 4073 rum
881 4025 1009 4077 formula.
1037 4027 1092 4078 Clr.
1123 4026 1260 4090 lnscriplt.
1289 4043 1327 4079 m.

243 4103 302 4153 dus.
382 4132 385 4139 ι
804 4103 862 4154 Lat.
878 4105 911 4156 N.
926 4104 1006 4156 t557.
1029 4120 1104 4170 seqq.
1121 4131 1151 4144 -··
1172 4109 1201 4157 tn
1219 4105 1327 4172 tronto]
