2920 4792
528 327 594 372 uro.
617 313 649 369 rr:
692 325 766 372 enr.
787 323 833 372 ru.
1136 298 1216 370 207

136 461 234 527 Milic
257 463 367 527 ovium
389 462 526 528 insanus
548 465 643 528 morti
667 463 758 528 dedit
765 513 775 550 ,
798 463 945 528 inclitum
964 459 1089 526 Ulixen

136 583 184 646 Et
204 583 397 650 Menelaum
418 602 485 648 una
505 601 629 649 mecum
652 603 690 649 se
712 581 865 648 occidere
886 583 1043 648 clemens

137 701 189 766 'l'u
211 721 283 768 cum
306 703 368 787 pr'o
391 705 498 768 vitula
518 705 639 767 statuis
661 703 789 770 dulcem
812 701 935 767 Aulide
957 703 1068 766 natam

136 822 232 886 Ante
252 841 331 887 orus
352 825 551 911 spargisque
572 825 659 888 moia
681 825 800 907 caput,
822 824 988 907 improbe,
1009 822 1114 904 sulse,
1156 815 1218 878 2⁰0

137 941 281 1006 Rectum
292 944 389 1006 animi
400 936 546 1008 servas?
569 937 761 1023 Quorsum?
782 946 927 1008 Insanus
942 941 1116 1026 quidenim
1127 939 1218 1006 Aiax

136 1063 253 1149 Fecit,
275 1079 348 1128 cum
370 1066 492 1127 stravit
513 1064 604 1128 icrro
626 1057 756 1148 pecus?
778 1063 953 1130 Abstinuit
974 1065 1040 1126 vim

136 1180 253 1246 Uxorc
275 1185 310 1247 et
331 1187 454 1269 gnato,
476 1185 562 1248 meio
582 1184 685 1248 multo
707 1186 864 1267 precatus
886 1182 1034 1267 Atridis,

137 1301 215 1366 Non
237 1302 293 1366 ilic
315 1305 372 1366 ent
394 1301 556 1367 Teucrum
578 1307 635 1367 aut
658 1300 763 1386 ipsum
785 1303 927 1367 violavit
947 1301 1084 1367 Ulixen.

137 1421 262 1484 Verum
286 1439 366 1507 ego,
387 1425 425 1485 ut
447 1421 627 1486 haerentes
649 1421 793 1486 adverso
815 1424 913 1486 litore
934 1441 1042 1486 naves
1156 1417 1216 1480 905

136 1540 328 1624 Eriperem‚
350 1540 498 1626 prudens
520 1542 653 1625 piacnvi
675 1542 839 1629 sanguine
862 1540 970 1606 divos.

135 1661 264 1743 Nempe
287 1664 360 1742 tuo,
383 1661 520 1726 furiose.
562 1661 659 1740 Meo,
682 1660 743 1726 sed
766 1680 832 1724 non
854 1661 1009 1725 furiosus.

190 1823 213 1872 1.
252 1820 290 1886 (v.
317 1825 378 1875 197.
407 1825 485 1874 liano
511 1825 687 1888 scripturam:
718 1827 837 1875 inclitum
865 1826 956 1876 Uti-cen
986 1827 1113 1875 exhibent
1142 1821 1217 1888 hSo.)

135 1906 165 1943 r.
185 1893 246 1942 201.
272 1907 395 1956 quorsum
412 1896 543 1943 iuramus?
574 1895 642 1956 Quid
669 1896 838 1958 distinguunt
856 1895 919 1946 hSc.
966 1910 991 1947 v.
1011 1896 1072 1946 20³.
1103 1896 1216 1946 octob.

139 1957 208 2023 (non
227 1957 300 2025 Sc.)‘
320 1977 346 2014 v.
366 1963 428 2012 205.
446 1965 523 2012 nocie
541 1977 566 2012 c.

179 2068 215 2119 11.
252 2083 279 2119 v.
300 2066 360 2117 197.
378 2068 505 2130 inclytum
523 2067 636 2130 Ulyssem
653 2068 749 2119 Lern.

163 2174 214 2224 111.
251 2186 278 2224 v.
298 2173 360 2222 201.
379 2186 502 2236 quorsom
518 2175 644 2230 ineamus,
663 2175 728 2238 puid

135 2311 216 2359 vocat
248 2303 408 2376 κράτιστον
440 2299 562 2370 Ἀχιλέος
590 2301 661 2376 ἄτερ
700 2311 817 2356 «rectam
843 2311 976 2366 mentem,
1008 2313 1111 2357 rectum
1134 2307 1219 2357 enimi

135 2382 230 2451 μάχᾳ.
260 2404 294 2420 -
323 2380 455 2444 Poteecit]
494 2384 660 2447 «insepultus
698 2389 825 2433 statum.»
859 2407 890 2418 -
920 2385 1071 2446 Qrwrsumi
1107 2385 1219 2434 toranus

136 2467 206 2512 est.»
225 2461 321 2525 Odyse.
337 2477 371 2522 α,
391 2461 460 2511 162:
479 2457 604 2532 Ἆνέρος,
624 2453 660 2512 οὐ
698 2459 777 2526 quid]
798 2461 841 2511 Sic
850 2460 1071 2522 distinguendum
1080 2466 1129 2510 cst.
1149 2461 1219 2522 nga-

136 2537 173 2604 ὄή
193 2552 252 2589 που
265 2531 345 2589 λεύκ’
364 2534 456 2589 ὀστέα
473 2531 662 2601 πύθεταιὸμ·
700 2553 824 2588 memno:
845 2539 996 2600 «Quorsum
1009 2540 1086 2598 heco,
1098 2551 1168 2600 quae
1180 2539 1220 2586 di·

136 2616 209 2687 βρῳ.
248 2616 349 2678 Scripsi
365 2629 428 2665 oum
436 2616 521 2666 Godd.
534 2617 603 2666 meis
612 2630 662 2678 pu·
700 2620 748 2679 cis,
764 2620 926 2680 spectanti»
947 2617 1039 2668 Miles:
1062 2616 1148 2677 «Quid
1162 2621 1220 2664 tan·

137 2696 228 2752 tescit:
247 2695 445 2756 nonnusquam
467 2695 581 2757 reperiri
599 2707 660 2744 cum
700 2698 761 2745 dem
787 2697 868 2745 nimis
895 2695 1014 2759 peruersi
1043 2693 1106 2746 tecit
1135 2693 1219 2752 Aiax,

138 2771 203 2820 dicit
226 2771 333 2834 licuit„
365 2772 488 2832 fellitum
520 2773 559 2821 sie
587 2773 661 2822 enim
700 2767 781 2815 etiem
813 2779 875 2814 cum
907 2765 1038 2815 insaniret
1067 2775 1220 2825 pecoraque

138 2849 223 2899 Godd.
243 2849 361 2900 Lucretii
379 2851 405 2910 ³,
425 2850 487 2900 884.
508 2850 564 2900 Cic.
579 2851 612 2900 de
628 2852 660 2901 Ν,
699 2845 866 2893 trucidaret?
884 2844 1020 2893 Abstinuit
1035 2846 1127 2891 tamen
1147 2846 1218 2890 cet.»

137 2925 332 2988 1).2‚§.160.
354 2928 424 2979 Cels.
434 2929 461 2989 2,
475 2928 518 2978 30.
538 2927 586 2977 Ed.
597 2929 662 2977 Tar·
700 2947 732 2958 -
751 2921 901 2971 Heindorfli
918 2923 1002 2980 ratio,
1030 2933 1083 2983 qua
1104 2919 1221 2981 iungun-

139 3017 199 3064 gee.
225 3004 329 3055 Aruob.
351 3005 377 3067 ’1,
399 3005 442 3055 17.
464 3007 559 3055 eadem
579 3006 662 3067 signi·
699 3005 743 3049 tur
760 3015 804 3052 vr.
823 3001 876 3048 sior
898 2997 1221 3061 Qtwreumtneunuepuid

138 3080 265 3132 iicationo
293 3097 325 3133 ac
344 3087 485 3145 putrescit,
512 3085 564 3132 nisi
589 3084 660 3146 quod
699 3080 767 3127 emim
779 3077 941 3140 Aiomseeiti
960 3076 1024 3124 Cum
1038 3073 1220 3137 meavitserro

139 3161 249 3210 motiior
272 3167 314 3211 cet
336 3163 533 3224 pronuntiatio,
565 3166 595 3211 ut
622 3161 661 3209 tn-
696 3169 787 3217 pecore,
807 3151 1156 3204 cortinoitcet.vixLetiua
1169 3155 1220 3200 eet.

138 3239 235 3288 matt
247 3251 297 3301 pro
308 3239 462 3298 intercincti,
472 3240 585 3294 notesco,
600 3251 661 3300 pro·
698 3233 832 3282 Abstinere
847 3233 889 3280 ius
905 3232 964 3280 telle·
975 3231 1064 3292 atiquo
1081 3234 1122 3277 est
1138 3228 1221 3277 etiam

139 3317 196 3377 prie
208 3317 343 3378 nutrcem,
357 3319 429 3380 quod
442 3317 470 3366 iu
483 3329 599 3366 usuuou
610 3321 659 3365 est.
699 3310 771 3373 apud
784 3308 890 3358 Livium
911 3310 936 3368 1,
954 3308 980 3356 1.
999 3328 1032 3343 -
1053 3303 1153 3366 timore]
1177 3319 1219 3367 pr.

141 3415 171 3428 ·-
191 3391 333 3456 Gaudent]
362 3395 440 3444 iliad.
463 3410 497 3454 a,
524 3395 594 3444 255:
628 3386 664 3442 Ἦ
699 3387 866 3446 concubina,
886 3386 1040 3435 Tecmessa.
1066 3406 1096 3416 -
1122 3379 1220 3446 puoto]

138 3485 188 3520 κεν
199 3470 338 3538 γηθήσαι
352 3472 487 3543 Πρίαμος
508 3467 661 3541 Πριάμοιό
699 3467 843 3528 Eurysace.
865 3489 895 3500 -
915 3458 1018 3525 ipsum]
1050 3460 1110 3512 «rei
1132 3461 1221 3523 ipsum

138 3561 167 3597 τε
185 3548 304 3610 παῖδες,
323 3543 416 3600 Ἄλλοι
430 3565 460 3600 τε
479 3546 573 3618 Τρῶες
584 3549 662 3614 μέγα
699 3545 818 3606 Ulixem,
837 3547 891 3592 tam
907 3541 959 3590 sibi
978 3552 1117 3590 exosum.»
1129 3563 1158 3574 -
1175 3538 1221 3590 Ve-

138 3639 186 3675 κεν
205 3615 388 3695 κεχαροὶαὲο
406 3625 502 3693 ἣυμῷ.
699 3619 833 3686 rumepo]
866 3620 1021 3683 Respondet
1040 3617 1219 3678 Agamemno.

701 3726 731 3736 —
741 3697 868 3761 adverso]
890 3699 974 3748 «mihi
987 3697 1099 3747 inimico
1111 3700 1222 3758 propter

171 3781 337 3832 toti-20¹1.
382 3783 454 3834 Mitte
472 3778 576 3843 ουίιιπι]
605 3779 660 3831 Cir.
699 3780 727 3828 id
742 3779 845 3841 ipsum,
865 3777 936 3841 quod
958 3789 1040 3827 naves
1058 3775 1086 3823 iu
1103 3785 1140 3824 ‘eo
1157 3775 1222 3824 hae·

139 3856 206 3908 Geli.
226 3861 253 3915 1,
266 3859 321 3909 to.
348 3861 421 3912 Mitte
439 3861 467 3909 in
486 3861 538 3909 hac
559 3865 660 3908 constr.
699 3859 796 3907 rebant
812 3869 900 3919 neque
914 3856 941 3904 iu
955 3855 1039 3904 altum
1053 3853 1165 3915 provehi
1176 3865 1222 3914 po-

139 3941 178 3986 est
193 3949 314 3997 nomeu,
342 3934 447 3998 χιλιάς.
470 3959 498 3971 -
526 3933 660 3999 improbo]
699 3940 814 3986 terant.»
836 3951 866 3970 -·
885 3947 939 3983 non
955 3929 1084 3996 potiosus]
1097 3931 1149 3980 ilic
1162 3929 1221 3980 tini·

138 4011 256 4080 λιτότης
266 4027 317 4077 pro
328 4013 422 4077 impio,
433 4014 557 4064 scelesto.
576 4011 663 4062 Lici·
699 4019 745 4062 tur
762 4012 885 4074 dialogus
902 4011 973 4059 inter
987 4007 1221 4070 Agamemnonem

139 4088 229 4144 ioees
255 4092 336 4145 Voss.
366 4115 397 4130 -·
416 4093 536 4146 ‘Rectum
559 4087 662 4152 animi]
699 4095 727 4142 et
745 4089 859 4140 militem
877 4087 1044 4152 gregarium.
