2822 4794
501 341 567 386 ata.
592 339 610 384 Ι.
656 340 730 385 8ΛΤ.
754 339 798 386 tlt.

353 745 685 835 sauma
739 705 852 868 tin

4 1031 7 1096 ἶ
86 1024 248 1092 Omnibus
271 1025 335 1092 hoc
353 1029 472 1092 -vitium
496 1033 548 1094 cst
571 1031 784 1114 cantoribus,
806 1033 893 1094 inter
916 1031 1040 1097 amicos

86 1146 129 1213 Ut
153 1167 320 1234 nunquam
345 1148 668 1216 inducantanimum
692 1155 830 1218 cantare
853 1153 980 1237 rogati.

86 1269 208 1333 laiussi
233 1267 397 1368 nunquam
420 1269 596 1335 desistunt.
640 1268 771 1337 Sardus
794 1273 938 1338 babebat

86 1393 145 1455 llle
170 1385 343 1478 Tigellius
360 1391 432 1456 boc.
476 1387 621 1476 caesar,
645 1397 698 1478 qui
722 1413 846 1482 cogere
870 1399 1004 1477 posset,
1062 1424 1065 1433 1

85 1507 120 1576 Si
144 1515 280 1597 peteret
304 1532 364 1598 pter
384 1515 559 1579 amicitiam
583 1517 690 1598 patris
712 1518 812 1600 atque
835 1535 944 1602 sunm,
968 1536 1033 1577 non
1158 1510 1174 1571 5

87 1631 274 1718 Quidquam
298 1635 488 1720 prolicerci3
513 1637 542 1700 si
565 1613 790 1724 collibuisset,
813 1637 856 1702 ab
879 1655 945 1700 evo

130 1866 181 1915 lll.
227 1866 393 1928 Praecipuus
414 1867 493 1916 huius
516 1867 614 1916 satirae
653 1868 733 1917 Sardi
745 1869 861 1926 uenales:
882 1869 950 1918 alter
963 1869 1177 1932 altercaremur:

88 1945 152 1993 linis
162 1949 210 1999 est,
218 1949 247 1992 nt
256 1946 409 1994 communis
419 1945 613 1995 illahomlnum
653 1951 680 1996 et
692 1947 859 2010 Porphyrion
872 1947 989 1998 servavit
997 1947 1093 1996 Licinii
1104 1947 1178 1995 Calvi

92 2025 251 2086 perversitas
269 2025 432 2085 exagitetur,
454 2037 506 2086 qua
522 2029 614 2073 nostra
654 2025 681 2074 in
707 2025 781 2076 bunc
807 2027 1005 2076 modulatorem
1037 2031 1177 2076 scazontae

90 2103 159 2150 mala
169 2106 216 2151 aut
226 2102 307 2164 plane
317 2103 473 2163 ignoramus
486 2109 533 2151 aut
543 2113 615 2150 sum·
653 2105 734 2154 Sardi
753 2105 844 2168 Yipelli
860 2107 982 2166 putidum
995 2112 1074 2166 caput
1092 2106 1177 2161 uenti,-

88 2195 130 2230 ma
150 2181 322 2242 indulgentia
342 2181 481 2241 fovemus,
503 2181 530 2230 iu
550 2181 615 2230 alio·
654 2185 725 2246 quod
740 2183 827 2246 ipsum
846 2185 1057 2246 Hippodameam
1072 2197 1180 2246 praecu-

89 2277 146 2310 rum
161 2266 274 2320 contra,
289 2267 315 2309 et
325 2273 455 2324 persaepe
465 2261 615 2309 amicorum
653 2265 726 2311 nium
744 2268 822 2312 vocat
839 2263 895 2312 Cic.
910 2265 942 2312 ad
957 2265 1033 2312 Fam·
1047 2263 1074 2321 7,
1091 2261 1135 2310 dd.
1145 2283 1178 2298 -

90 2343 115 2390 in
129 2341 238 2403 primis,
260 2341 324 2390 viiia
342 2340 435 2389 sedulo
453 2339 616 2402 inquirimus
656 2339 721 2404 ille]
740 2346 768 2390 ui
786 2341 840 2391 Sat.
861 2344 885 2400 1,
903 2343 930 2398 2,
944 2342 988 2391 55.
1028 2341 1132 2402 «Quasi
1147 2341 1179 2389 de

91 2434 174 2483 eaque
184 2420 362 2468 acerbissima
370 2421 516 2470 severitate
526 2433 617 2483 repre·
656 2427 719 2469 noto
733 2421 798 2469 dixit
810 2421 881 2468 ille.»
902 2419 1006 2470 Senon.¹
1022 2446 1050 2455 -
1068 2415 1179 2480 Caesar]

91 2499 248 2549 hendlmus.
294 2499 376 2548 Cuius
397 2499 535 2561 pravitatis
555 2511 617 2548 cum
657 2500 687 2548 ln
702 2499 743 2549 his
759 2497 832 2548 nulla
847 2499 988 2547 Octaviani
1007 2497 1078 2546 inest
1092 2511 1180 2559 repre·

91 2577 229 2628 excusatio
256 2578 351 2627 saltem
377 2578 468 2640 aliqua
495 2577 617 2640 depromi
657 2579 768 2636 bensio,
800 2581 829 2626 ut
861 2581 934 2625 ratus
961 2581 1001 2625 est
1031 2589 1179 2624 nonnemo.

91 2659 175 2722 possit
211 2671 244 2707 ex
281 2657 433 2706 Stoicorum
466 2658 617 2716 sententia,
657 2658 726 2720 Quid
737 2657 960 2719 enim'propterea
975 2655 1049 2716 carpi
1061 2655 1180 2703 mereba-

92 2739 207 2787 «omnia
236 2744 347 2800 peccata
371 2723 494 2799 aeqdalia
522 2749 618 2795 esse,»
657 2745 710 2794 tur,
726 2738 876 2787 siveterem
888 2737 970 2798 patris
984 2733 1102 2796 adoptivi
1116 2733 1182 2781 ami-

92 2818 129 2878 (v.
143 2813 203 2878 76.)
224 2817 296 2864 hane
309 2815 464 2877 impugnat,
484 2815 619 2864 contraria
658 2831 719 2866 eum
743 2815 939 2878 patientissime
955 2816 1086 2864 tractabat
1102 2817 1182 2875 atque

93 2897 289 2958 Epicureorum
328 2895 450 2944 doctrina
485 2895 618 2957 opposita.
659 2895 808 2945 morositati
819 2895 1090 2956 ignoscebat,artem
1101 2887 1181 2940 simul

93 2969 323 3036 (vves-112.)
356 2971 453 3023 abillo
464 2969 620 3043 παραδόξῳ
659 2973 905 3025 eiusadmiratusi
932 2997 962 3006 -
990 2971 1018 3020 Si
1036 2975 1183 3033 peteret--

94 3055 125 3104 ad
133 3055 209 3103 aliud
217 3053 341 3102 eiusdem
350 3051 510 3116 disciplinae
519 3053 553 3101 de
562 3065 621 3114 per·
656 3049 811 3119 proficeret]
833 3053 882 3101 rSi
896 3051 1005 3115 quando
1015 3051 1062 3100 illo
1073 3049 1183 3100 uolente

94 3133 163 3184 lecto
178 3133 302 3196 sapiente
316 3129 494 3182 deridendum
513 3130 618 3190 transit,
660 3134 777 3196 petebat,
789 3132 855 3181 nibil
865 3144 986 3193 unquam
998 3130 1182 3192 proficiebam
1239 3117 1244 3126 '

94 3213 128 3261 ita
153 3218 184 3262 ut
211 3212 296 3261 alacri
322 3217 349 3260 et
373 3211 467 3262 festiva
497 3207 620 3259 clausula
660 3211 844 3262 Coniunetlvis
866 3215 988 3271 tempora
1012 3207 1126 3270 locaque
1148 3206 1185 3253 in-

94 3305 184 3342 sermo
196 3291 317 3340 liniatur.
333 3274 619 3354 (a.u.e.‘ll'ti-718i)
660 3289 750 3350 linita,
771 3290 868 3352 quibus
884 3287 950 3336 illud
969 3286 1064 3344 tiebat,
1085 3283 1185 3346 signill-

130 3371 219 3421 1—8.
238 3371 344 3420 Festive
354 3369 430 3418 miris
444 3367 553 3430 Tigellil
565 3381 622 3416 mo·
661 3376 766 3420 cantur.
792 3369 855 3417 Ter.
874 3367 990 3428 Adelph.
1006 3366 1031 3423 1,
1046 3365 1072 3423 2,
1087 3363 1136 3412 dd:
1158 3368 1186 3410 tu

96 3451 169 3500 ribus
188 3454 270 3513 atqua
290 3448 469 3498 inconstantia
486 3447 547 3505 illa,
569 3458 621 3509 qua
660 3461 729 3496 naue
746 3447 793 3496 tibi
812 3447 843 3494 ld
856 3445 929 3494 laudi
944 3445 1032 3500 damea,
1053 3443 1121 3504 quod
1132 3447 1185 3488 tum

97 3544 205 3594 semper
226 3531 254 3578 in
278 3527 384 3578 diversa
410 3529 537 3577 aberrare
555 3525 623 3574 sole·
660 3527 745 3592 fecisti
764 3525 878 3586 inopia?
899 3521 1070 3570 iniuriumst:
1090 3533 1153 3568 nam
1165 3519 1188 3566 st

97 3612 150 3669 bat,
167 3611 204 3658 ita
223 3607 383 3670 descriptis,
404 3611 542 3668 tamquam
558 3605 579 3653 si
590 3605 623 3653 de
662 3611 739 3660 esset,
767 3603 836 3652 ande
860 3601 889 3650 id
908 3602 995 3666 fieret,
1024 3599 1186 3649 Faceremau

100 3689 149 3738 boe
162 3701 218 3738 nno
233 3687 297 3736 vitio
311 3686 445 3735 disserere
454 3684 552 3742 vellet,
573 3683 625 3732 aa·
664 3684 716 3733 stit
730 3683 821 3731 minus
839 3681 961 3744 apposite
972 3678 1121 3742 explicant:
1143 3675 1187 3725 ast

98 3765 134 3838 ρὰ
158 3763 344 3836 προσδοκίαν
365 3765 449 3814 alium
476 3761 580 3812 indubii
597 3772 623 3810 v.
665 3763 788 3826 petisset,
803 3789 818 3802 ..
833 3759 928 3810 -nihil
949 3759 1134 3821 profecisset.»
1155 3769 1187 3790 ‘-

100 3849 140 3896 te.
159 3847 391 3907 interrogantem:
413 3845 481 3906 Quid
493 3844 541 3891 tut
559 3841 625 3890 Nal-
663 3839 836 3902 collibuisset]
869 3841 970 3888 collibet
998 3845 1024 3888 et
1052 3835 1190 3887 cuthbercti

99 3927 156 3975 lune
181 3925 259 3974 bobba
287 3923 376 3973 vitiu?
404 3921 442 3972 Dc
464 3919 580 3982 Tigellio
601 3934 625 3968 v·
666 3921 786 3970 norrduru
806 3927 942 3982 repertum
968 3923 1006 3966 est
1026 3916 1097 3980 apud
1121 3911 1190 3963 scri-

101 4005 153 4053 Sal.
165 4001 361 4066 praecediuil.
384 4025 407 4037 -
423 3995 541 4059 Surdus]
555 3999 625 4046 inest
667 4007 755 4062 ptores
774 3999 899 4052 batiaca:
921 3999 966 4046 sed
986 3995 1101 4046 collibuit
1118 3991 1189 4053 apud

7 4119 17 4138 .
101 4085 234 4151 εἰρωνεία
252 4082 388 4144 quaedam
407 4082 434 4130 in
454 4081 503 4128 bae
526 4079 627 4140 patriae
666 4079 838 4138 Terentium.
878 4077 1020 4126 collibitum
1052 4081 1088 4122 est
1119 4069 1189 4132 apud

103 4163 158 4210 aius
178 4164 328 4212 metatione.
357 4159 532 4209 Proverbium
555 4163 625 4208 crat:
668 4159 792 4207 Plautum
807 4157 1013 4206 eiCiceronem.
1038 4177 1064 4188 -
1086 4143 1190 4211 utura]
