2928 4794
257 309 337 380 308
595 327 735 375 noanrn
761 323 1000 371 nrisronnnnn

258 471 377 537 Possis
399 473 433 536 et
455 487 605 557 magnam
630 468 733 532 morbi
757 465 925 550 deponere
948 465 1087 548 partem.

237 591 386 658 dandis
408 608 519 656 amore
542 592 666 682 tumeat
688 591 766 651 sunt
788 589 882 651 certa
904 561 1051 668 piaccio,
1075 597 1160 665 quae
1182 583 1216 642 te

260 713 328 778 'l'er
351 729 434 796 pure
456 712 544 776 teoto
569 712 726 793 poterunt
748 723 903 772 recreare
926 704 1048 768 tibetto.

260 830 417 916 Invidus,
437 829 636 908 iracundus,
657 829 765 912 iners,
788 829 943 904 vinosus,
965 827 1112 904 amator,
1162 817 1164 828 “
1200 875 1203 879 .

260 954 366 1020 Nemo
388 952 473 1018 adeo
497 951 589 1016 ierus
611 951 680 1035 cst,
703 953 828 1011 utnon
851 948 1027 1026 mitescere
1050 943 1175 1026 possit,
1199 971 1202 976 ·

262 1071 302 1142 st
325 1073 421 1140 modo
443 1073 594 1140 cutturae
617 1072 797 1155 patientem
820 1064 1005 1134 commodet
1027 1078 1148 1128 aurem.
1182 1096 1185 1100 ·
1306 1056 1347 1115 40

295 1283 342 1334 tv.
379 1297 406 1332 v.
426 1282 470 1332 39.
490 1279 535 1344 qai
553 1293 606 1329 mon
625 1277 710 1328 C3dd.
731 1291 775 1339 ap.
796 1274 865 1324 Obb.

258 1459 335 1525 Ppttr.
354 1459 381 1528 3,
403 1457 457 1507 ts:
477 1456 654 1518 Aesculapius
675 1453 782 1502 saucios
820 1448 919 1514 φωνῶ.
940 1449 1001 1506 Tib.
1022 1449 1052 1507 1,
1072 1447 1103 1507 λ,
1123 1446 1171 1496 dt:
1203 1445 1253 1494 Ter
1271 1457 1345 1504 cane,
1451 1469 1452 1482 t

259 1545 341 1602 atque
360 1542 485 1598 aegrotos
503 1533 608 1595 λύσαις
625 1527 716 1584 ἄλλον
734 1527 783 1582 ἀλ·
821 1537 860 1578 ter
881 1530 958 1576 dietis
975 1529 1068 1588 despue
1087 1524 1255 1575 carminibus.
1282 1523 1347 1572 Eos-

154 1615 157 1622 “
260 1617 349 1668 λοίων
366 1609 462 1676 ἀχέων
477 1608 618 1677 “diepam
640 1609 783 1674 torigneio
821 1608 883 1657 dem
903 1608 970 1655 ritus
993 1605 1192 1668 praecedebant
1211 1603 1347 1651 instrutio-

258 1692 406 1758 μαλακαῖς
436 1689 587 1752 ἐπαοιδαῖς
621 1683 781 1752 ἀμφέπων,
821 1699 883 1740 nes,
905 1685 1072 1741 affictiones,
1099 1683 1246 1731 secubitus.
1278 1681 1347 1730 Pare
1452 1751 1453 1760 ἵ

259 1772 331 1833 τοὺς
349 1768 380 1820 δὲ
398 1769 549 1839 προσανέα
568 1768 708 1826 πίνοντας
719 1763 780 1814 κτλ.
822 1766 912 1826 igitur,
929 1758 1051 1836 (ἁγνῶς,
1070 1762 1236 1825 pereinipt
1249 1755 1345 1820 vassa)

258 1849 352 1910 Enrip.
368 1845 478 1909 Hippot.
488 1845 557 1894 478:
577 1843 662 1893 Εἰσὶν
675 1837 700 1891 d'
712 1842 783 1908 ἑπῳ-
820 1841 1033 1902 tibrumtegitex
1043 1839 1229 1900 tracimagine‚
1243 1837 1347 1900 «quise

261 1925 310 1975 dat
322 1926 373 1975 καλ
388 1923 473 1988 λόγοι
486 1919 669 1990 λιιλκτήριοιΙ
689 1917 783 1983 Φανή-
822 1921 953 1979 instravit,
974 1933 1004 1968 ea
1024 1919 1182 1968 castimonia
1202 1918 1235 1965 ad
1254 1917 1347 1978 tegen-

260 2003 344 2053 σεται
356 2015 384 2050 τι
395 1997 478 2064 τῆςδε
496 1997 657 2069 φάρμακον
677 1995 781 2047 νόσου.
821 2001 885 2050 dum
899 1998 1041 2057 accedens,
1062 2011 1094 2046 ac
1107 1998 1129 2045 si
1148 2009 1206 2045 rem
1224 1995 1346 2045 divinam

243 2093 292 2116 ¹·-
320 2074 455 2138 dotarem]
488 2076 709 2125 «molestissimas
735 2076 782 2124 tras
821 2083 892 2127 esset
905 2078 1058 2126 tacturnszn
1074 2074 1114 2139 (ut
1126 2077 1164 2124 ait
1176 2070 1344 2136 Turnebusz)

259 2157 343 2207 animi
383 2157 642 2219 perturbationem»
678 2155 783 2204 morton
821 2158 928 2219 proprie
946 2169 1011 2205 vero
1024 2157 1055 2214 is,
1077 2155 1139 2218 «qut
1154 2158 1259 2216 puroet
1272 2156 1346 2202 casto

257 2237 406 2300 philosophi
426 2235 563 2297 appellant
598 2231 666 2296 (Cic.
698 2234 780 2282 Tusa.
821 2241 861 2284 eet
886 2236 1006 2284 animo-o
1042 2233 1165 2298 Ariopta
1187 2233 1250 2282 item
1276 2233 1348 2282 inest

258 2315 285 2376 8,
298 2312 339 2377 d.)
821 2314 848 2362 in
867 2329 892 2363 v.
914 2313 1013 2371 tinette,
1034 2312 1105 2375 qood
1123 2324 1149 2361 r.
1172 2311 1347 2373 significatet

292 2393 338 2443 aot
357 2393 401 2443 37.
438 2399 510 2443 certa
530 2389 655 2455 piacola]
685 2403 782 2453 oprae-
821 2393 949 2454 seriptum
972 2391 1162 2454 philosopham
1186 2396 1213 2440 et
1233 2403 1344 2439 carmen

258 2471 344 2520 sentia
363 2484 395 2520 ae
413 2474 525 2535 probata
543 2472 690 2521 remedia.»
711 2470 783 2530 Quo·
820 2471 956 2533 magicum
969 2485 999 2520 ex
1013 2470 1105 2533 atiquo
1118 2470 1212 2519 tibetto
1227 2469 1346 2532 Orphieo

256 2551 332 2600 niam
359 2553 542 2614 antiquissimo
564 2558 678 2611 ternpore
698 2549 782 2597 morat
820 2550 861 2600 vet
888 2549 970 2598 simili
995 2550 1029 2597 ad
1056 2545 1172 2610 τελετὰς
1204 2553 1345 2611 spectante

256 2629 293 2677 ad
310 2630 381 2677 tram
397 2630 504 2677 deorum
517 2628 782 2690 immortottamrefe·
820 2629 943 2691 petitum.
982 2627 1067 2688 iunge
1089 2632 1180 2676 autern
1203 2634 1243 2675 ter
1269 2627 1344 2686 tecto,

255 2706 383 2754 rebantur
409 2703 514 2767 (Celsus
531 2705 620 2754 Praei.
644 2701 693 2766 1.)‚
714 2705 781 2752 haec
819 2721 874 2756 non
901 2713 941 2756 ter
963 2717 1028 2767 pare
1047 2719 1098 2754 nec
1120 2711 1158 2754 ter
1174 2718 1241 2766 pare
1261 2711 1287 2754 et
1306 2711 1345 2754 ter

256 2786 320 2831 ante
334 2782 425 2831 omnia
439 2781 624 2850 καθάρμασι,
642 2781 780 2831 sacrifieiis
818 2787 902 2843 tecto,
931 2797 1000 2847 quae
1030 2785 1139 2847 quidem
1166 2784 1343 2833 eattidisstma

257 2861 391 2922 expianda
415 2865 441 2908 et
461 2859 593 2921 placanda
616 2864 687 2918 erat;
716 2861 780 2909 hinc
819 2869 877 2913 erat
902 2863 981 2912 ratio.
1019 2861 1157 2923 (Ceterum
1185 2864 1256 2912 trane
1276 2854 1345 2933 προ-

255 2951 328 2987 nove
361 2938 561 2987 medicamenta
590 2939 647 3001 ipsa
673 2939 781 3000 piacula
818 2940 912 3006 κοπῆς
931 2942 1000 2990 viam
1028 2942 1213 2990 serationem
1239 2941 1344 3004 Epicte-

254 3021 344 3066 vooat.
375 3015 432 3064 iam
444 3028 508 3066 vero
522 3017 588 3065 haec
599 3018 780 3067 medicamen·
819 3025 874 3078 tus,
887 3020 939 3081 =qni
953 3021 1042 3069 vivam
1058 3034 1152 3070 vocem
1166 3025 1192 3069 et
1205 3022 1344 3070 actionem

256 3100 284 3144 ta
307 3100 369 3144 sunt
390 3096 552 3157 sapientium
579 3098 686 3159 scripte,
710 3109 780 3158 quae
814 3098 899 3159 'longe
924 3099 1009 3160 pluris
1036 3099 1167 3158 faciebat,
1194 3101 1343 3162 reprehen-

256 3173 436 3224 attentissime
466 3179 493 3223 et
520 3176 612 3224 animo
635 3190 650 3225 a
677 3181 779 3238 pertur-
818 3177 883 3225 dere
900 3177 995 3226 soiitos
1011 3183 1083 3237 erat,
1104 3178 1231 3226 reticiens
1246 3175 1343 3229 πὸἑπλ

253 3253 410 3302 nationibus
439 3265 521 3315 quam
549 3255 664 3303 maxime
694 3267 779 3305 vacuo
817 3253 872 3320 τὴν
890 3254 921 3304 ἐν
942 3261 1005 3318 τοῖς
1024 3255 1153 3318 βιβλίοις
1172 3252 1235 3318 ἕξιν
1258 3258 1343 3308 τέτα-

254 3330 347 3392 legcre
370 3343 401 3379 ac
425 3332 549 3381 meditari
571 3333 715 3392 debemus,
736 3345 780 3381 eo·
817 3331 888 3382 attat
908 3335 957 3383 καλ
978 3331 1089 3398 ταύτην
1110 3333 1255 3385 ἐκπονεῖν.
1293 3333 1342 3383 Ar·

255 3422 371 3471 rumque
380 3409 587 3472 consitiaaeqni.
600 3411 779 3460 Perseverans
817 3410 887 3459 rian.
908 3413 933 3470 1,
948 3411 987 3468 d.)

253 3491 345 3536 autem
361 3487 389 3535 in
407 3487 498 3549 priore
516 3489 636 3549 imagine
648 3489 680 3538 ad
696 3489 778 3537 libros
850 3489 976 3539 os-ta.
1013 3491 1134 3552 amator]
1165 3491 1288 3542 Miratus
1306 3493 1341 3541 ad

253 3566 371 3615 moratas
393 3565 512 3627 applicat
533 3567 560 3614 id
581 3567 651 3628 quod
670 3557 778 3628 proprie
816 3567 878 3616 Ter.
899 3569 984 3618 Andr.
1004 3569 1030 3628 le,
1052 3570 1078 3628 3,
1099 3570 1130 3618 3ι
1156 3577 1265 3620 amator
1286 3585 1341 3620 aar·

253 3643 286 3692 de
306 3642 512 3692 medicamentis
531 3649 591 3706 post
608 3649 694 3692 certas·
715 3657 777 3693 can·
812 3647 887 3706 porta
899 3653 946 3706 eat,
960 3647 1059 3696 amima
1071 3648 1242 3698 animante.
1257 3649 1339 3698 Tuae.

251 3721 340 3770 tiones
357 3721 499 3782 religiosas
517 3721 561 3771 vel
579 3723 668 3770 dicam
687 3721 777 3784 mysti·
813 3722 840 3782 t,
869 3725 916 3772 122
945 3725 1023 3775 Aliud
1042 3733 1080 3776 est
1101 3733 1248 3776 amatorem
1270 3741 1338 3788 ease,

251 3811 297 3848 eas
316 3804 343 3848 et
364 3801 483 3861 magicas
501 3800 614 3861 sumptis
632 3798 712 3849 vaiet.
744 3799 775 3848 tn
813 3801 887 3850 alind
904 3811 1046 3854 amantea.
1085 3806 1143 3854 Hoc
1165 3806 1260 3855 vitium
1285 3821 1341 3856 maa·
1394 3807 1400 3814 '

249 3877 407 3926 huiusmodi
443 3878 540 3926 ritibus
578 3889 693 3925 numero
724 3883 775 3926 ter-
813 3879 983 3932 tteroaitatem
995 3887 1074 3933 vocat
1086 3884 1142 3933 Cic.
1155 3876 1242 3934 'Tusa
1256 3885 1284 3944 t,
1295 3887 1338 3934 tt.

250 3957 330 4006 nario
348 3967 525 4018 permagnam
542 3955 596 4003 vim
611 3955 772 4016 tribuebant.
814 3980 845 3992 -
863 3959 1003 4023 mitescere]
1024 3962 1093 4011 Cum
1107 3964 1179 4011 mitia
1192 3965 1340 4013 ettmmitia
1399 3967 1404 3972 “

249 4035 366 4084 Theoer.
393 4033 537 4082 Pharmae.
558 4031 609 4080 dd:
640 4028 689 4096 Ἐς
712 4035 774 4104 τρὶς
813 4037 1339 4097 saepissimedeanimohomanousar·

248 4107 645 4181 ἀποσπένδωκαλπρλςπάδι,
656 4108 770 4176 πότνια,
811 4119 918 4174 pentnr,
938 4116 1050 4168 dtiitcite
1064 4119 1203 4168 i'ntetteetu
1219 4124 1270 4180 est,
1291 4131 1339 4170 aar
