2856 4782
265 309 342 375 148
622 322 759 369 nonarrr
781 321 980 367 serrantium

259 466 317 528 ipsa
335 465 432 522 verba,
451 459 586 525 οἰμώζειν
604 475 637 510 σε
656 455 783 516 κελεύωι
818 458 892 506 ribus
905 456 968 504 libri
981 453 1078 517 primi,
1098 457 1127 510 ut
1138 452 1202 502 buic
1214 450 1278 499 fluis
1291 449 1340 498 im·

258 539 453 611 μιαρώτατε.»
472 538 564 587 dlacri
584 537 636 585 boc
654 538 729 585 iussu
747 536 780 583 si·
819 539 933 598 ponatur
943 534 1018 595 isque
1029 533 1084 580 iam
1097 531 1140 581 edi
1151 530 1263 592 possit.»
1277 528 1343 577 Pro-
1421 531 1422 580 l

260 618 317 666 mul
343 617 549 674 confidentiam,
579 627 631 675 qua
656 614 780 663 bomines
818 617 886 673 port.
901 611 927 666 3,
942 611 986 667 23,
1000 610 1049 658 232
1077 608 1104 663 1,
1122 621 1204 670 puer,
1234 611 1258 654 et
1276 607 1342 654 citus

260 694 324 744 istos
338 695 519 751 abominetur,
538 691 779 763 lestireerrprimit.¹
817 691 879 738 baec
902 689 993 750 aliquo
1014 697 1133 749 propone
1158 679 1288 732 columna.
1309 707 1341 716 -
1421 693 1422 760 l

258 773 349 823 Minus
375 775 448 820 recte
476 770 523 818 alii
548 771 584 817 ita
613 769 780 830 interpretati
818 763 919 827 libello]
940 770 970 813 ut
981 765 1056 814 Pers.
1071 765 1097 822 1,
1112 763 1171 810 120.
1183 761 1216 810 de
1226 773 1282 808 una
1295 759 1341 808 illa

260 853 337 898 sunt:
359 847 500 910 «adiunge
510 848 581 896 banc
591 848 700 896 satiram
710 845 781 907 prio·
818 844 916 892 satira:
940 843 1012 902 Vidi,
1031 842 1086 890 uidi
1097 842 1165 902 ipso,
1186 837 1278 888 libelle.

646 1187 895 1264 uxourasus
922 1188 955 1238 1.

568 1377 602 1413 bit
621 1376 684 1416 vlu.
705 1372 834 1411 VERSlBUS
853 1370 1025 1410 suantrtctts.

329 1514 395 1564 Octo
408 1526 502 1565 versus
522 1512 617 1577 litteris
634 1511 771 1560 inclinatis
790 1509 908 1572 expressi
930 1510 1028 1558 absunt
1048 1520 1063 1555 a
1079 1506 1216 1569 plerisque
1235 1491 1359 1555 Horatii'

259 1595 350 1647 codd·
363 1601 389 1646 et
404 1597 472 1646 Edd.
493 1601 576 1655 rete,
597 1594 758 1642 nominatim
776 1606 792 1640 a
810 1591 894 1642 Codd.
915 1590 1100 1640 Oberlinianis
1118 1594 1144 1638 et
1158 1589 1340 1648 bambergen-

259 1681 351 1738 sibus,
379 1679 429 1727 Ed.
448 1679 517 1726 ven.
540 1677 641 1734 *trata
672 1675 844 1738 reperiuntur
864 1675 893 1722 in
910 1675 980 1722 Feae
1005 1672 1145 1722 nonnullis
1163 1677 1190 1722 et
1214 1674 1341 1734 quattuor

257 1760 455 1818 Beruensibus,
476 1773 592 1820 quorum
612 1759 666 1806 duo
684 1763 756 1806 certe
776 1757 867 1818 scripti
881 1761 951 1804 sunt
973 1755 1032 1804 Sec.
1052 1755 1100 1815 X·,
1120 1755 1187 1803 adeo
1209 1759 1239 1802 ut
1259 1767 1340 1802 nemo

229 1876 231 1879 -
257 1843 311 1890 iam
339 1842 471 1902 suspicari
498 1845 578 1901 queat
606 1853 651 1888 eos
677 1839 769 1887 deberi
788 1838 898 1886 falsario
920 1838 1084 1886 alicuiltalo
1110 1837 1169 1886 Sec.
1194 1837 1251 1884 XV.
1291 1835 1340 1884 Co-

257 1923 344 1972 lorem
363 1936 428 1971 sane
447 1924 548 1970 babent
573 1921 714 1982 antiquum
740 1925 779 1981 et,
805 1921 828 1968 sl
848 1921 876 1968 in
901 1933 929 1968 re
954 1919 1101 1969 admodum
1125 1919 1228 1968 incerta
1249 1919 1340 1967 conie-

258 2008 351 2053 cturae
378 2004 453 2052 locus
482 1991 540 2062 est,
578 2001 721 2050 Frontonis
747 2002 854 2050 circiter
879 2007 1016 2064 tempore,
1036 2003 1106 2063 ‘quo
1139 2002 1338 2060 controversia,

156 2112 159 2115 ·
257 2091 348 2135 utrum
370 2083 540 2147 praeferendi
558 2089 648 2133 essent
670 2085 814 2146 scriptores
832 2085 946 2145 Augusti
967 2089 1082 2133 aetatem
1104 2083 1274 2158 praegressi,
1305 2096 1339 2130 an

258 2167 305 2230 qui
323 2168 372 2215 sub
393 2158 515 2224 Augusto
541 2166 722 2228 scripserunt,
748 2168 817 2215 iuter
835 2167 1000 2228 antiquarios
1023 2171 1049 2215 et
1073 2167 1256 2215 recentiorum
1276 2165 1340 2213 scri·

255 2241 364 2310 ptorum
379 2249 557 2297 admiratores
574 2261 655 2309 quam
677 2249 793 2298 maxime
811 2249 977 2310 agitabatur,
998 2249 1140 2310 compositi
1158 2248 1286 2297 videntur
1307 2248 1339 2296 ab

257 2331 367 2381 homine
379 2333 474 2398 otioso
494 2328 684 2394 (semidoctum
707 2332 872 2380 nebulonem
885 2337 966 2384 ¹vocat
983 2332 1130 2390 Lambinus
1142 2327 1166 2393 z)
1190 2331 1237 2392 qul
1256 2330 1340 2378 animi

257 2426 339 2462 causa
352 2419 502 2463 tentaturus
519 2419 593 2470 erat,
613 2427 666 2474 quo
685 2414 765 2463 modo
783 2414 922 2463 exordium
942 2414 1131 2475 qualecunque
1145 2413 1230 2474 aptari
1250 2399 1339 2474 posset

259 2497 377 2545 sermoni
395 2498 488 2558 utique
502 2496 670 2556 abruptiori‚
696 2497 743 2544 sed
760 2497 823 2544 satis
841 2497 945 2545 munito
966 2478 1052 2544 Persii
1072 2496 1104 2555 3,
1124 2498 1149 2543 1.
1169 2495 1337 2544 imitatione:

255 2578 349 2638 Nempe
367 2578 413 2630 boc
434 2578 559 2626 assidam?
587 2577 742 2626 Sententiae
761 2578 835 2636 ipsae
853 2578 950 2638 partim
970 2579 1102 2625 obscurae
1122 2581 1200 2636 sunt,
1229 2578 1337 2638 partim,

256 2659 322 2708 dum
342 2659 464 2720 leporem
482 2658 625 2716 affectant,
646 2657 785 2715 insulsae,
806 2658 940 2707 utillud:
959 2660 1063 2721 funibus
1083 2659 1142 2708 udis
1158 2660 1336 2718 dehortatur,

256 2735 416 2799 Horatiidue
439 2739 553 2786 consilio
579 2751 689 2798 prorsus
713 2745 876 2800 repugnant.
919 2741 1070 2790 Mardorum
1096 2741 1195 2790 rustice
1220 2741 1339 2802 appellat

255 2819 423 2868 versificator
441 2819 591 2878 Lucilium,
618 2820 695 2868 cuius
717 2819 832 2868 multum
854 2821 957 2877 salem,
978 2823 1134 2884 ingenium,
1156 2825 1337 2872 urbanitatem

256 2900 327 2948 ultro
350 2901 474 2960 agnoscit
498 2901 644 2960 Horatius,
678 2902 705 2950 id
729 2906 834 2951 tantum
855 2904 967 2964 dolens,
999 2919 1093 2955 versus
1117 2907 1174 2954 eius
1195 2919 1251 2954 non
1273 2906 1336 2954 satis

226 2989 228 2993 ’
256 2975 423 3044 elaboratos,
452 2983 532 3031 nimis
553 2984 685 3042 verbose,
723 2984 858 3033 interdum
878 2988 959 3035 etiam
979 2989 1167 3050 negligenter,
1195 3001 1336 3050 expressas

255 3075 315 3112 esse
345 3064 506 3123 sententias,
538 3064 619 3112 nimis
647 3078 708 3115 eum
735 3068 785 3114 sibi
810 3068 955 3117 indulsisse
981 3070 1011 3117 in
1037 3070 1221 3119 immiscendls
1246 3070 1335 3121 verbis

255 3143 376 3218 Graecis.
413 3145 526 3193 Prorsus
544 3147 705 3196 mendosum
723 3161 783 3198 esse
801 3149 879 3198 simia
894 3151 997 3200 Horatii
1015 3152 1172 3213 pervincere
1194 3153 1250 3203 volt
1269 3157 1334 3202 teste

255 3226 314 3288 ipso
337 3225 436 3274 Lucilii
466 3227 625 3288 defensore,
653 3229 771 3290 Catone,
801 3233 865 3292 qui,
895 3237 923 3281 ut
949 3233 1000 3294 ait,
1032 3235 1103 3284 male
1128 3235 1212 3284 factos
1241 3249 1334 3287 versus

252 3309 398 3357 emendare
411 3322 443 3357 ac
456 3309 542 3371 polire
551 3317 644 3371 parat.
665 3312 789 3374 Cogitant
802 3313 835 3361 de
847 3314 955 3364 Valerio
969 3315 1088 3376 Catone,
1109 3318 1184 3366 cuius
1201 3318 1334 3367 habemus
1421 3357 1422 3380 ,

251 3389 328 3437 Diras
352 3395 378 3438 et
398 3391 524 3454 Lydiam,
547 3392 573 3440 id
594 3397 651 3453 est,
675 3395 709 3442 de
730 3395 907 3455 grammatico
924 3409 955 3444 ac
973 3399 1051 3459 poeta
1072 3403 1225 3460 temporum
1247 3401 1334 3450 Sulla·
1421 3381 1422 3400 ¹

251 3483 368 3530 norum,
389 3473 436 3534 qui
456 3486 482 3521 a.
501 3488 530 3522 u.
552 3487 576 3522 c.
598 3475 660 3524 723.
684 3477 726 3524 vix
747 3477 776 3524 in
794 3478 860 3528 vivis
881 3483 956 3534 erat,
986 3481 1035 3528 etsi
1052 3482 1120 3529 vicit
1138 3483 1172 3530 ad
1190 3487 1333 3532 eaetremam

250 3558 387 3602 senectam.
424 3554 498 3603 Suet.
523 3555 644 3606 Gramm.
667 3558 709 3605 11.
737 3557 789 3606 sed
809 3559 837 3606 id
856 3565 903 3608 aut
923 3561 1057 3623 ignoravit
1077 3568 1123 3611 aut
1143 3563 1256 3612 omniuo
1276 3579 1331 3614 non

251 3634 356 3682 curavit
385 3635 425 3694 is,
453 3636 501 3698 qui
523 3638 551 3686 in
573 3637 625 3708 hoc
652 3639 762 3686 exordio
789 3639 932 3690 scribendo
958 3649 1051 3692 secum
1077 3645 1134 3706 ipse
1159 3659 1215 3694 non
1237 3647 1330 3695 miuus
1421 3635 1422 3702 J

160 3755 163 3760 .
250 3725 331 3772 quam
346 3715 487 3764 uobiscum
497 3717 569 3764 lusit.
599 3717 772 3779 Qutdtquod
791 3725 845 3769 tota
864 3736 907 3771 res
926 3725 1067 3787 desumpta
1077 3727 1182 3776 videtur
1195 3741 1226 3776 ex
1237 3727 1331 3778 Gram-
1421 3737 1422 3740 ’

250 3795 412 3844 maticorum
429 3800 584 3846 narratione
601 3803 705 3847 serrata
720 3801 797 3849 nobis
814 3816 830 3850 a
844 3803 916 3853 Suet.
932 3805 978 3855 Gr.
993 3807 1028 3856 2:
1059 3807 1148 3857 Crates
1159 3809 1331 3860 Mareotes„
1421 3833 1422 3874 ᾗ

247 3877 345 3924 uostris
362 3879 478 3938 exemplo
495 3880 547 3940 fuit
563 3879 599 3926 ad
619 3881 785 3930 imitandum.
823 3881 955 3936 Hactenus
978 3894 1064 3938 tameo
1085 3891 1202 3950 imitati,
1222 3901 1254 3942 ut
1274 3907 1331 3942 cur·
1421 3879 1422 3920 l

248 3957 321 4003 minc
334 3971 433 4018 parom
450 3959 534 4006 adbuc
551 3960 687 4022 divolgato
704 3964 744 4011 vel
760 3965 940 4027 defunctorum
961 3972 1104 4019 amicorum
1123 3973 1164 4021 oei
1178 3974 1201 4021 si
1219 3989 1331 4036 quorum
1421 3999 1422 4022 r

246 4037 361 4086 cuorum
375 4038 547 4098 probassent,
574 4041 724 4105 diligentius
748 4051 925 4121 retractarent
942 4075 976 4086 -·
990 4058 1021 4100 ut
1045 4048 1149 4102 Laelius
1171 4054 1328 4119 Archelaus,
