2920 4792
506 323 571 370 111!-
593 323 627 368 lt.
667 323 741 370 SM·
763 323 804 369 tu.

118 463 229 527 iratus
251 459 327 546 tibl,
349 459 439 545 quod
461 461 530 526 vini
552 462 723 546 somnique
747 462 912 550 benignus

13 615 15 668 Q
116 581 172 646 Nil
193 579 330 669 dignum
353 599 506 646 ‚sermone
527 575 640 647 eones
684 580 772 662 Quid
793 574 882 647 neti
912 581 969 648 Ab
991 582 1074 666 ipsis

13 755 15 796 ἰ
119 697 358 766 Saturnalibus
379 701 445 767 bue
466 701 596 790 fugisti.
622 698 766 768 Sobrius
787 719 872 786 ergo
932 746 935 752 ,
1181 698 1200 760 5

13 801 15 816 ’
117 819 180 886 Die
202 820 328 906 aliquid
344 820 486 910 dignum
508 823 699 906 promissis:
731 823 851 906 incipe.
893 821 949 887 uu
971 826 1034 888 est.

117 937 306 1024 culpantur
322 943 454 1007 inostro
474 943 608 1029 calami,
635 944 880 1028 immeritusque
901 942 1034 1010 loborat

13 1131 15 1140 ,
118 1061 221 1126 Iratis
245 1067 345 1126 natus
366 1062 478 1146 peries
500 1060 553 1128 dis
573 1065 675 1149 etque
697 1065 817 1149 poetis

13 1263 15 1326 q
170 1255 193 1304 1.
231 1269 259 1306 r.
278 1255 305 1304 lt.
325 1253 380 1318 Ab]
400 1253 572 1308 1181..11Μ.
609 1270 636 1308 v.
655 1257 681 1306 5.
701 1257 802 1322 [optati.
840 1255 946 1307 Sobrius
963 1255 1040 1322 erqo]
1060 1258 1202 1323 [equuteo-

13 1331 25 1398 11
119 1324 199 1374 brios.
237 1325 310 1388 Erqo
327 1324 365 1375 M.

142 1431 194 1481 111.
232 1444 259 1483 1.
279 1430 307 1480 ί.
325 1430 360 1480 «Δί
377 1431 442 1494 tpsts
460 1443 476 1481 e
493 1421 580 1482 Codd.
616 1445 642 1482 1.
662 1431 689 1482 5.
707 1431 799 1497 [optati
816 1431 928 1482 10511111.
964 1433 1037 1497 Eupo

118 1590 145 1642 S.
165 1597 258 1643 autern
275 1605 332 1642 nou
348 1597 390 1642 est
406 1593 492 1645 «tude
516 1594 550 1644 ab
577 1593 643 1656 ipsis
681 1593 738 1645 suis
755 1593 1106 1644 Stoloisobtudlssetaurss
1119 1594 1205 1644 bomi·
1269 1633 1272 1644 .

13 1695 15 1708 ÷
118 1671 179 1731 sn,
200 1670 379 1726 seddieitur,
404 1676 434 1720 ut
454 1673 576 1736 supereo
594 1686 644 1734 po·
681 1685 747 1722 uum
770 1672 799 1721 iu
818 1673 885 1721 orbe
904 1671 1076 1734 degentium,
1104 1673 1133 1721 iu
1157 1685 1204 1722 rus

119 1752 189 1806 tito,
209 1749 245 1800 ob
258 1750 329 1798 torte
347 1763 397 1812 pro
413 1752 501 1814 suque
512 1753 642 1813 putrebat,
681 1750 853 1813 persequitur
866 1750 1023 1810 Horatium,
1043 1755 1133 1800 oenus
1145 1756 1206 1814 post

117 1829 226 1878 bostem.
272 1827 350 1889 Quod
381 1832 473 1878 autem
502 1829 643 1884 Bentleius
681 1829 880 1880 exhortationes
897 1829 961 1878 istas
980 1841 1009 1879 se
1027 1829 1152 1879 convivio
1169 1830 1204 1880 ab

119 1907 242 1968 quaerit:
270 1905 435 1967 «Quomodo
447 1908 482 1956 ab
494 1907 644 1960 8111111111-
681 1921 714 1959 αο
731 1913 871 1970 exceptum
891 1909 938 1969 tri„
958 1909 1030 1971 quod
1051 1907 1126 1958 lestis
1147 1899 1204 1958 illis

119 1983 170 2033 bus
185 1984 282 2046 lugere
303 1985 412 2046 potuit?
431 1986 510 2048 qnid,
529 1986 642 2046 malum,
681 1986 777 2036 diebus
800 1986 828 2036 in
850 1986 917 2036 urbe
947 1987 990 2038 vix
1015 1987 1158 2050 quitquam
1178 1987 1205 2036 ei

118 2076 211 2114 nonne
222 2068 280 2113 tam
293 2065 445 2126 rori'qunm
460 2065 488 2114 iu
505 2066 572 2114 urbe
585 2065 643 2115 dies
682 2063 851 2126 praebuisset
869 2066 904 2115 ob
922 2070 1040 2124 metum,
1064 2077 1100 2114 ue
1119 2069 1206 2114 arem·

13 2175 14 2178 =
118 2141 337 2192 saturnaliorum
352 2144 483 2192 euantis
504 2169 534 2182 -·
562 2142 643 2194 taeils
681 2142 759 2204 logne
780 2143 902 2196 convivis
923 2143 1076 2196 molestiam
1097 2143 1205 2194 exbibe-

118 2220 250 2279 solutum
279 2221 353 2280 ruri,
381 2226 412 2270 111
427 2216 553 2282 tolebst‚'
571 2235 643 2274 sum·
680 2227 732 2270 ret.
761 2245 790 2258 ·-
819 2218 940 2283 Sobrius]
971 2223 1059 2271 littam
1089 2235 1121 2270 ex
1147 2221 1205 2284 lpse

117 2313 193 2348 mum
202 2312 254 2361 per
269 2300 355 2348 otium
367 2300 459 2350 vivere
472 2305 578 2362 poterut
589 2301 643 2352 llo·
681 2312 811 2350 caesurae
823 2300 851 2352 11
864 2301 961 2356 mellus
977 2301 1029 2350 boo
1045 2300 1206 2362 plangitur

117 2379 216 2439 ratius,
237 2379 267 2426 iu
275 2378 344 2429 urbe
356 2392 413 2436 uon
426 2379 500 2439 item,
520 2380 567 2430 ubi
580 2393 643 2432 eeu·
681 2393 743 2428 eum
756 2393 801 2429 vv.
815 2393 876 2443 erpo
889 2380 952 2438 Βία,
973 2392 1054 2441 quem
1065 2384 1094 2428 ut
1103 2379 1206 2441 placuit

13 2469 15 2550 q
116 2455 195 2507 riviis
216 2457 352 2508 interesse
370 2457 497 2506 debebat.
618 2519 625 2524 .
680 2455 820 2515 Bentleio,
842 2470 903 2506 oum
917 2471 944 2506 v.
957 2457 1059 2520 sequti.
1095 2456 1206 2508 tioudi·

681 2537 731 2588 ott.
753 2534 836 2584 oCum
847 2536 893 2598 qul
907 2535 935 2584 in
947 2536 1016 2584 urbe
1027 2535 1121 2602 viuupt
1130 2547 1204 2584 nune

150 2571 176 2662 5
227 2561 436 2674 Saturnalibus]
472 2613 641 2675 Saturnalia,
679 2614 851 2665 luxurientur
879 2618 906 2662 et
942 2591 1103 2676 plerumque
1135 2612 1203 2662 ebrii

13 2693 14 2754 l
116 2689 248 2760 Κρόνια,
271 2690 517 2743 celebrabunturn.
528 2694 556 2742 d.
570 2692 641 2742 xvi.
682 2693 750 2752 sint,
770 2698 798 2743 tu
818 2693 846 2742 iu
866 2693 918 2742 bne
936 2691 1081 2748 solitudine
1099 2691 1206 2745 sobrius

13 2787 15 2850 q
115 2767 176 2817 Kal.
192 2768 255 2818 lan.
268 2764 323 2830 (17.
338 2784 375 2819 m.
388 2767 545 2833 Decembr.)
556 2783 643 2833 nsque
682 2784 797 2827 manens
816 2771 876 2821 dte»
904 2776 956 2822 eet.
993 2769 1134 2832 Quomodo
1159 2781 1207 2819 eu·

13 2853 14 2876 ³
116 2846 149 2894 ad
167 2847 241 2895 xlv.
257 2847 327 2906 Kal.
351 2848 411 2898 lun.
433 2849 461 2899 tn
481 2850 642 2900 memorium
681 2857 736 2902 tem
752 2856 896 2902 venustam
909 2849 1050 2912 appellare
1065 2847 1205 2898 Bentlsius

115 2922 223 2986 priseae
235 2924 380 2977 homiuum
392 2926 472 2986 vites,
491 2929 642 2978 ubiomues
682 2929 800 2992 potuerit
812 2928 873 2978 leot.
894 2927 1067 2978 Cld.Bland.
1090 2925 1208 2989 (etalte-

13 3003 14 3008 ’
86 3066 90 3074 A
116 3001 215 3059 libert,
246 3017 343 3054 omnes
368 3005 439 3054 luter
462 3019 491 3055 se
515 3007 643 3070 aequales
681 3008 738 3058 rius
759 3007 831 3070 epod
851 3002 961 3068 Fssm);
983 3007 1074 3070 rupisti
1092 3005 1205 3056 sobrios.

13 3131 14 3138 ,
117 3080 242 3138 luerunt:
262 3082 392 3132 continno
406 3081 488 3145 igitur
497 3085 644 3148 epulaban-
682 3086 760 3145 Esto,
780 3084 908 3146 equidem
921 3097 977 3134 nou
991 3083 1125 3144 intelligo.

13 3195 14 3200 ¹
118 3164 176 3218 tur,
196 3160 349 3220 ludebant,
372 3161 443 3212 dous
460 3163 513 3212 sibi
526 3163 643 3214 inviesm

117 3237 277 3297 mittebant,
298 3239 404 3290 domini
416 3241 503 3292 servis
515 3241 569 3292 ioci
582 3255 645 3292 euu-
718 3241 735 3291 li
747 3265 775 3276 -
786 3241 829 3290 10.
852 3235 1004 3302 promissis]
1024 3243 1054 3288 ut
1065 3238 1099 3288 Α.
1110 3238 1141 3288 Ρ.
1153 3239 1203 3288 so:

117 3329 146 3365 sa
164 3318 383 3379 apperebeutad
396 3331 515 3370 mensas.
543 3320 644 3383 Lepide
679 3318 803 3379 promissi
827 3317 952 3367 αααααίαία
975 3322 1077 3366 auctor.
1106 3339 1137 3350 -
1162 3315 1207 3366 llil

117 3399 202 3444 totum
216 3395 286 3444 illud
300 3395 434 3449 sollemne
451 3398 578 3449 deseribit
593 3398 645 3450 Lu·
682 3391 737 3456 est]
758 3394 846 3446 «Nihil
862 3395 964 3452 babes3
984 3393 1085 3442 trustra
1098 3406 1114 3441 a
1127 3396 1153 3442 te
1163 3405 1206 3442 ex·

14 3499 15 3502 =
118 3473 213 3524 cianus
234 3474 265 3522 iu
287 3475 475 3528 Saturnalibus
497 3477 528 3527 b:
552 3479 644 3528 πίνειν
683 3478 836 3537 spectamus
855 3472 946 3533 magni
964 3471 1066 3534 aliquid
1084 3475 1110 3520 et
1129 3483 1206 3533 prae-

13 3569 14 3574 *
118 3552 166 3602 sol
181 3549 309 3615 petum
318 3554 368 3602 καί
381 3551 460 3622 docio
470 3555 520 3605 καί
533 3556 645 3618 παίζειν
682 3553 777 3604 olari.»
798 3575 828 3586 -
848 3546 959 3612 ααίααιί]
980 3550 1092 3612 «unguit
1110 3562 1205 3600 eorum
1237 3611 1240 3615 ι

117 3627 328 3692 autuonsomo
351 3632 403 3682 καί
425 3625 574 3699 ἄρχοντας
595 3647 645 3684 κα-
683 3631 839 3692 stultitiam,
860 3629 906 3692 qui
928 3641 990 3678 euru
1004 3629 1206 3680 'sententiarum

118 3703 281 3760 bioruobae
298 3709 350 3760 sul
368 3707 440 3772 τοὺς
459 3711 577 3773 οἰκέτας
599 3703 646 3760 eo'·
683 3715 730 3760 aut
741 3707 911 3767 verborum
904 3709 997 3771 inopia
1009 3713 1158 3770 urgentur,
1179 3708 1208 3758 iu

120 3790 203 3845 ωχεῑν
217 3786 270 3836 καί
284 3783 400 3852 γυμνόν
417 3781 501 3855 qidew
512 3789 564 3840 καί
579 3803 646 3877 upo-
684 3789 845 3840 innoeentes
869 3787 987 3850 parietes
1013 3787 1090 3849 quasi
1116 3787 1208 3838 minus

120 3867 177 3911 seeo
201 3857 473 3930 ὑποτρέμοντα-
501 3864 565 3929 but]
594 3867 644 3918 «iu
683 3867 842 3926 eommodos
879 3865 1042 3916 irascuntur.
1051 3880 1064 3910 u
1114 3864 1206 3917 Const-

120 3938 210 3990 sillam
223 3942 472 3993 insensatissime
495 3944 567 3997 lllud
580 3957 645 3994 vero
684 3945 822 4003 fluum-
841 3942 961 4006 loborat]
982 3948 1114 4006 quatenus
1128 3944 1207 4004 poeta

119 4029 250 4080 perquam
269 4019 417 4071 ridiculum
430 4026 486 4082 est,
508 4023 579 4085 quod
596 4023 646 4072 lta·
684 4036 748 4072 eum
768 4027 923 4072 exsecratur
942 4021 986 4072 vel
1005 4021 1086 4080 etiam
1109 4019 1208 4084 pugnis

120 4095 274 4162 manippum
312 4111 377 4150 eum
408 4098 646 4164 disputatiunculis
684 4099 783 4157 eaedit.
802 4099 877 4150 Pers.
892 4100 917 4159 1,
932 4097 1004 4158 11151Ι
1024 4096 1075 4148 Neo
1088 4097 1207 4158 pluteum
