2888 4810
480 309 546 360 utu.
567 308 604 354 u.
635 307 741 354 mum.
761 307 798 354 u.
837 325 842 336 =
1101 287 1180 356 uti

95 445 128 533 1,
149 445 257 531 bone,
280 463 344 530 quo
367 446 475 514 virtus
496 449 555 514 tua
576 449 611 512 te
633 449 755 534 vocat,
777 450 788 510 i
810 445 895 532 petie
918 446 1049 530 fausto,

94 566 245 636 Grandis
268 567 399 632 laturus
422 569 610 636 meriturum
633 570 790 652 praemia.
833 566 921 650 Quid
942 560 1043 634 sias?

95 689 180 755 Post
202 688 288 754 haee
310 689 365 753 ilie
387 691 484 757 caius
505 691 717 774 quantumvis
737 691 899 762 rusticus:
920 691 1005 768 liic,

94 811 161 877 Ibit
185 829 226 877 eo
249 828 316 896 quc
336 811 407 887 vis,
429 811 484 894 qui
505 829 623 876 acuam
646 809 811 894 perdidit,
832 811 949 896 iuquit.
1138 807 1180 871 to

96 931 225 1000 Romae
248 931 365 1000 nutriri
388 929 463 995 mihi
486 931 630 1018 contigit
651 935 751 1016 atque
773 931 904 1014 duceri,
972 963 976 970 ·

97 1055 212 1120 Iratus
233 1051 335 1136 Grais
359 1053 515 1136 quantum
538 1053 710 1126 nocuisset
732 1033 912 1120 Acidim

96 1173 267 1240 Adiecere
289 1174 399 1238 bertae
421 1173 534 1257 parilia
556 1173 632 1258 pius
653 1173 737 1238 artis
758 1171 932 1258 Athenae3

97 1291 238 1362 Scilicet
259 1297 297 1358 ut
318 1294 437 1358 veliem
461 1309 565 1360 curvo
589 1292 788 1378 dignoscere
810 1298 937 1360 rectum

97 1415 213 1502 Atque
235 1415 324 1480 inter
344 1407 451 1480 siivas
471 1413 634 1480 Academi
657 1431 818 1498 quaerere
841 1431 968 1482 verum.
1140 1413 1180 1476 ii

99 1536 193 1602 Dura
214 1534 275 1602 sed
296 1553 453 1601 emovere
474 1535 549 1601 laec
572 1553 623 1600 me
645 1537 795 1618 tempora
817 1540 937 1622 gratu,

152 1766 176 1820 Ι.
214 1783 240 1818 v.
260 1766 306 1818 42.
327 1765 420 1830 Grais]
441 1769 484 1818 bc.
505 1766 594 1819 Graiis
611 1767 639 1818 S.
658 1767 696 1821 tt.
741 1782 768 1819 v.
787 1767 831 1819 it.
851 1765 955 1832 callem]
982 1765 1066 1819 codd.
1085 1770 1183 1826 Tum..

100 1838 256 1890 Eochcticri
274 1838 455 1902 antiquissimi
475 1838 615 1901 quinque,
640 1838 743 1901 aliquot
760 1839 852 1894 Faue,
873 1840 936 1889 item
955 1850 1090 1900 superscr.
1111 1841 1138 1888 in
1158 1853 1183 1889 e.

96 1907 339 2042 atmiislc’hcid).
359 1908 429 1958 ibid.
448 1907 579 1964 dinoscere
595 1907 661 1973 isse.
708 1905 746 1972 (r.
770 1908 816 1960 te.
841 1909 949 1960 flabant
971 1921 1101 2010 strsciuscs3
1113 2007 1116 2012 Δ
1129 1921 1185 1960 usa

139 2085 178 2136 11.
215 2099 242 2150 v,
262 2085 307 2136 ct.
322 2096 426 2149 possem
444 2083 560 2137 LGTFS.

128 2193 180 2244 tit.
217 2207 245 2246 v.
265 2192 310 2244 di.
327 2204 429 2256 possem

100 2375 216 2434 tendis
234 2375 438 2440 diripiendisque
451 2375 557 2426 cruitur
570 2379 624 2440 cei„
663 2377 730 2428 daus
751 2377 877 2428 virtatem
902 2377 1070 2440 distinguere
1090 2390 1107 2427 a
1124 2379 1188 2446 vitiu

101 2477 133 2490 -
145 2451 235 2517 catus]
255 2455 397 2515 «callidus,
410 2462 540 2519 astutus»
556 2469 629 2507 usr-
664 2457 825 2506 discerem.»
844 2456 1186 2519 Matsstiidsgaomatria,

99 2535 268 2596 schmitzt,
293 2535 457 2586 vocabulum
478 2535 625 2595 Sabinum,
664 2549 747 2600 quam
778 2537 815 2586 ibi
846 2537 989 2598 didicerit,
1021 2539 1190 2602 interpretati

100 2619 168 2664 testa
193 2613 315 2664 Varrone
336 2613 367 2664 L.
393 2613 424 2664 L.
445 2614 472 2670 7,
491 2613 555 2675 te,
580 2615 626 2678 qui
664 2622 736 2668 suut.
759 2641 788 2652 -
808 2613 912 2678 astum]
934 2617 1116 2667 «utsrdsrsm
1135 2623 1189 2666 stu·

102 2692 183 2745 atiert
207 2707 239 2744 er
263 2693 352 2764 Ennio
377 2699 404 2747 et
419 2700 481 2744 cata
503 2695 580 2759 sicae
599 2695 625 2743 id
664 2696 709 2746 dio
725 2695 784 2747 veri
805 2696 988 2757 reperiendi.»
1032 2695 1077 2745 Sic
1095 2694 1187 2745 autem

104 2778 160 2834 est,
182 2778 280 2833 acuta,
301 2778 327 2822 et
347 2780 409 2844 catu
427 2775 508 2824 dictu.
664 2774 777 2824 Codices
790 2775 918 2836 petioni,
939 2775 989 2824 etsi
1009 2775 1036 2824 iu
1051 2774 1191 2838 plerisque

135 2852 253 2908 tt-t5.
281 2849 394 2914 Romus]
415 2852 626 2902 «Similishuius
665 2853 888 2904 substitutumcst
898 2855 1091 2918 perantiquum
1104 2853 1188 2916 gloss.

103 2931 200 2983 militis
214 2931 312 2982 rationi
333 2945 393 2982 mea
411 2945 519 2996 quoque
531 2937 580 2993 esi,
597 2938 627 2984 ut
662 2945 777 2994 possem,
789 2932 1191 2996 quoittudprsapcstcrcexpii-

102 3011 151 3062 tibi
167 3010 279 3060 iamiam
297 3023 458 3073 exponam.»
471 3035 502 3048 -
515 3007 626 3072 autrici]
664 3012 771 3060 cabaut.
790 3011 977 3062 Nemocontra
987 3011 1190 3075 simplicissimo

101 3089 172 3140 Piat.
202 3089 328 3153 Epiuom.
360 3104 388 3153 p.
413 3090 476 3140 9¹13.
507 3089 561 3138 D.:
593 3089 627 3144 cti
665 3090 1102 3150 acumemsubstituissatcsttsm,
1118 3091 1191 3152 quod

101 3167 267 3236 τρέφεσθαι
292 3169 343 3218 καὶ
368 3163 569 3221 euricircias.
596 3191 626 3202 —
666 3168 768 3230 recepit
793 3167 875 3219 etiam
903 3169 1040 3228 cucinga.
1067 3191 1098 3204 -
1126 3169 1192 3216 Aca·

102 3243 229 3312 conticit]
249 3246 333 3322 «mihi
350 3248 425 3298 euim
443 3247 556 3308 contigit
568 3259 628 3296 asse
666 3241 747 3306 demi]
768 3245 899 3308 Eupolis:
922 3239 968 3296 ’uc
978 3240 1111 3307 εὐσκίοις
1125 3242 1191 3316 cipri·

104 3331 161 3376 tsm
186 3326 277 3387 salici,
309 3331 339 3376 ut
362 3327 464 3390 optimo
492 3327 629 3389 petraria
666 3339 769 3390 μοισιν
789 3319 951 3390 {dcccdccc
977 3319 1072 3383 θεοῦ,Ι
1099 3323 1193 3374 herois

104 3404 213 3457 talenta
226 3419 282 3456 nau
295 3405 447 3466 Venusiae,
467 3407 513 3454 sad
527 3406 629 3456 Romae
668 3404 781 3470 antiqui.
818 3403 997 3454 Academicos
1018 3403 1192 3464 igiturinter

104 3485 237 3536 educarer
258 3491 340 3553 etque
358 3485 403 3536 hic
420 3486 536 3548 primum
559 3484 629 3534 lecto
668 3482 782 3532 sitarum
793 3482 998 3544 disciplinarum
1009 3481 1132 3538 doctores
1147 3495 1194 3530 au·

104 3563 629 3615 HomeroGraecisiitterisinstituerer.»
667 3562 716 3613 diit
732 3564 766 3611 ab
783 3562 870 3623 iisque
883 3560 994 3616 didicit,
1016 3573 1110 3610 rarum
1128 3573 1195 3622 quo-

106 3667 137 3680 ·-
163 3640 263 3706 baucc]
295 3643 404 3694 Graiam
434 3645 532 3694 retinet
560 3643 630 3693 ritae
669 3641 823 3691 modoeum
841 3645 970 3702 perpetua
989 3644 1080 3690 tamen
1099 3637 1195 3710 ἐποχῇ

103 3721 228 3784 Athenis,
241 3723 345 3774 utiliter
362 3735 394 3772 ac
411 3723 529 3775 iucunde
555 3726 630 3782 actae
670 3718 954 3780 investigandumisit.
968 3713 1009 3758 '-
1028 3711 1133 3779 veram]
1153 3731 1195 3766 re-

105 3803 279 3864 memoriam.
301 3825 332 3838 -
350 3802 410 3864 pius
426 3797 510 3870 artis]
529 3807 631 3854 etwas
669 3797 755 3848 iertur
767 3799 883 3848 maxime
896 3797 929 3848 ad
952 3797 1110 3859 dialectica;
1132 3796 1197 3861 phy·

105 3882 225 3932 iudices
242 3881 360 3932 Kucds
386 3880 464 3930 Voss.
492 3879 631 3937 ccultu'rae
670 3877 726 3926 sica
747 3882 876 3928 tractasse
895 3891 949 3927 non
971 3876 1088 3927 ridetur.

105 3961 249 4012 exactioris
267 3973 319 4020 aa,
336 3972 421 4031 {quarn
440 3959 542 4009 Romae
555 3959 632 4007 dum·
703 3955 843 4006 iti-51.
893 3953 1022 4019 amouere]
1057 3955 1120 4016 «ri,
1152 3954 1196 4004 cui

105 4045 179 4090 taxat
197 4041 300 4101 dagans
318 4039 385 4090 mihi
409 4051 505 4103 parare
530 4037 632 4102 potuis·
670 4035 758 4090 resisii
787 4049 841 4086 uon
876 4040 1001 4099 poterat,
1034 4033 1196 4096 exputare.»

107 4117 633 4183 sem,utphilesophiaamcraiioparam
672 4113 1197 4175 «AthenisenimerocatusestaBruto,
1243 4133 1248 4146 ·

194 4233 284 4266 accur.
303 4231 359 4264 vor.
379 4231 409 4263 u.
1014 4207 1053 4269 35
