2916 4796
228 317 309 410 412
582 339 721 386 uoaaru
742 338 982 412 uersronsnmr

230 475 387 540 Caesaris
407 475 703 564 amepttgentbus
725 478 850 554 miuron
872 495 977 544 eures
998 476 1117 565 fruges

230 595 350 660 Italiae
373 596 473 678 pleno
496 595 649 662 defundit
669 597 777 680 Copia
799 615 913 668 cornu.

215 735 216 746 ’
283 759 306 809 ι.
343 773 369 810 v.
390 759 433 810 aa.
454 760 571 825 assume
590 772 724 824 superior.
745 762 781 825 u,
810 761 1078 827 aestuaremus.
1099 757 1144 826 (ιιι
1161 773 1229 824 ιω,
1255 763 1317 834 se.)

269 842 305 892 11.
343 843 926 910 ap.x11.v.ua.aaauu.arffuauu.
982 889 986 896 ,
1080 873 1084 878 -
1138 873 1142 880 -
1214 861 1219 880 .—

229 968 337 1020 rsdueta
363 981 395 1022 ra
421 969 451 1020 in
476 974 635 1031 ostwtatsm
659 969 754 1032 panuh
790 968 878 1032 atheia
897 969 933 1018 ad
949 965 1093 1034 danastrum
1105 977 1229 1022 murat.
1257 970 1318 1022 hu-

228 1049 358 1108 numani,
388 1061 496 1112 reanum
525 1049 579 1097 eius
610 1047 753 1099 Artauasdi
790 1051 882 1108 gustus
911 1047 970 1109 ipse
999 1048 1051 1099 hoe
1088 1049 1160 1098 inter
1193 1063 1237 1099 res
1264 1051 1321 1100 sibi·

228 1127 317 1186 dedit,
340 1125 387 1176 ubi
408 1126 578 1189 velseriptor
595 1125 753 1189 ipsenelii·
789 1124 907 1174 maxime
937 1124 1069 1186 gloriosas
1097 1125 1199 1177 rettulit
1218 1129 1317 1190 partim

229 1203 484 1256 brariiexhionum.
498 1203 751 1270 Ancyreuop.375.
787 1203 906 1253 nummis
925 1204 997 1254 cusis
1016 1218 1079 1253 cum
1098 1205 1141 1254 bis
1162 1206 1319 1268 inscriptio-

228 1280 312 1334 walt.
332 1281 372 1332 siu
391 1281 545 1346 corrigendi
565 1289 642 1334 sunt:
674 1281 753 1333 Arta·
789 1281 879 1331 nibust
894 1289 992 1332 srunrst
1003 1294 1143 1334 necemus.
1154 1287 1199 1332 et:
1214 1296 1315 1334 suenus.

227 1361 289 1412 aiae
301 1362 451 1423 adunatum
464 1362 664 1426 tiarauidsdit.
678 1361 751 1428 *Cum
789 1371 946 1411 auruncus.
967 1372 1126 1422 secururs,
1149 1362 1246 1422 partim
1273 1362 1317 1410 bis

229 1451 312 1501 prere
335 1441 400 1490 olim
415 1441 580 1502 explicarent
592 1441 751 1499 Armenium,
789 1439 878 1488 verbis
905 1431 1031 1488 Manum.
1059 1438 1159 1502 Aneyr.
1185 1452 1213 1501 p.
1242 1438 1315 1488 erus

229 1517 403 1579 «Artaxiam,
422 1517 614 1568 Armeniorum
630 1531 749 1580 regemn,
788 1519 902 1569 Parthos
931 1519 1012 1568 trium
1038 1518 1197 1566 exercituum
1220 1518 1317 1566 horna·

229 1609 291 1645 cum
314 1596 447 1658 significet
466 1597 600 1646 Armenios
619 1610 641 1645 s.
664 1585 752 1646 Arme
786 1609 881 1646 aarum
908 1595 995 1658 spoiia
1025 1601 1052 1644 et
1077 1596 1155 1658 tiana
1183 1595 1317 1643 remittere

227 1676 318 1733 uiam,
337 1674 381 1725 vel
399 1674 499 1724 erroris
511 1671 554 1725 uei
573 1674 673 1723 nimiae
687 1676 751 1724 adu·
787 1675 852 1724 mihi
891 1673 1126 1736 supplicesque
1168 1674 1316 1722 amicitiam
1448 1683 1449 1702 i

227 1753 336 1802 lationis
347 1753 536 1802 insimularunt
546 1755 663 1816 podiam,
674 1753 750 1814 quasi
786 1753 879 1815 populi
899 1753 1009 1801 Rotnani
1030 1757 1117 1812 petere
1144 1752 1224 1814 ouini.
1272 1751 1316 1799 Ea

228 1829 345 1890 dixerit,
373 1831 446 1880 buno
472 1844 564 1892 regem
593 1832 621 1880 in
647 1831 750 1893 proelio
788 1837 875 1879 autem
889 1832 965 1893 siqua
978 1829 1007 1876 iu
1020 1828 1169 1889 penetrati,
1189 1829 1258 1890 quod
1277 1834 1316 1878 est

229 1909 402 1958 interiectum
428 1922 487 1958 esse
506 1922 521 1958 a
541 1909 667 1964 Tiberio,
688 1923 750 1958 oum
787 1911 816 1957 iu
836 1907 931 1970 templa
949 1897 1046 1956 Martis
1065 1905 1178 1961 Uttaris,
1198 1908 1315 1967 reposui.

227 1990 296 2036 teste
325 1987 418 2036 Tacito
446 1988 518 2036 dnn.
544 1988 575 2048 2,
605 1988 637 2036 3:
670 1990 751 2036 occiso
789 1988 832 2036 Ius
861 1992 952 2035 autem
979 1991 1004 2033 et
1032 1982 1171 2045 imperium
1198 1985 1315 2033 alieuius

227 2065 343 2116 Antania
364 2081 413 2128 per
437 2067 525 2116 dotum
544 2067 751 2136 propinquorum
788 2066 902 2126 uecipers
921 2064 992 2113 idem
1015 2068 1057 2110 est
1078 2066 1159 2124 atque
1182 2061 1315 2125 «imperio

227 2146 306 2193 datus
329 2146 364 2194 sit
383 2158 401 2194 a
427 2145 536 2195 Caesare
555 2146 684 2194 Armeniis
710 2146 751 2194 Ti-
789 2156 897 2206 parere,
917 2144 946 2190 iu
958 2143 999 2189 ius
1010 2141 1184 2203 dictorumque
1199 2142 1315 2190 alieuius

227 2235 321 2285 aranas
349 2223 520 2294 deductusque
546 2225 575 2271 iu
599 2237 706 2288 reanum
734 2237 751 2272 a
788 2222 912 2270 ueniret»
935 2219 994 2269 Liv.
1011 2218 1057 2277 ut,
1074 2218 1118 2267 57.
1138 2218 1193 2267 Cir.
1217 2219 1268 2268 Od.
1285 2219 1314 2276 3,

229 2299 453 2351 TiberiaNeroue.
474 2325 505 2336 -
524 2297 662 2362 Phraates]
682 2301 751 2350 Con·
788 2299 821 2358 5,
840 2297 867 2348 d.
897 2297 962 2346 Tae.
984 2296 1053 2345 Hist.
1075 2297 1106 2355 2,
1128 2296 1178 2346 19:
1202 2299 1316 2359 imperia

212 2377 317 2442 3strue:
349 2379 480 2428 «Arsaces
501 2379 557 2428 xV.
579 2393 601 2430 s.
622 2381 751 2429 Phraates
786 2378 949 2438 accipientes,
970 2375 1065 2435 idest,
1086 2376 1202 2437 imperia
1213 2376 1316 2426 iacien—
1449 2390 1450 2444 t

227 2455 297 2516 Jv.‚
325 2455 486 2506 Parthorum
519 2470 564 2506 rex
599 2453 635 2519 (a.
666 2471 694 2506 u.
725 2472 749 2506 a.
787 2459 836 2504 tes.
873 2454 945 2504 Male
967 2455 1034 2502 baeu
1057 2467 1164 2516 quoque
1182 2454 1248 2503 oiim
1270 2467 1315 2504 no·
1449 2445 1450 2510 i

227 2531 389 2597 tit-753.)
409 2535 524 2595 genibus
542 2535 632 2584 minor
642 2535 751 2599 *aceepit
787 2537 926 2595 oeperunt,
942 2531 977 2581 ita
991 2531 1172 2593 interpretati:
1195 2533 1314 2582 «Phraa-

180 2609 184 2616 '
227 2612 642 2676 insimperinmqueCaesaris.»
658 2638 689 2649 -
710 2627 751 2677 qe·
787 2614 826 2660 tes
852 2611 956 2674 accepit
977 2611 1019 2659 ius
1043 2611 1260 2677 imperiumque,
1286 2611 1314 2660 id

226 2689 302 2738 uibus
328 2690 416 2738 minor
444 2704 485 2753 pr.
510 2691 597 2741 «inire
628 2691 750 2742 Caesaris
787 2695 841 2746 est,
861 2701 976 2751 regnum
990 2689 1148 2748 Armeniae,
1167 2695 1314 2740 veneratus

226 2780 316 2828 genua
337 2765 502 2828 collocatus,
533 2771 567 2818 ad
586 2784 675 2832 genua
692 2771 750 2820 eins
786 2757 928 2830 propterea
942 2765 1135 2828 Augustumzu
1155 2771 1236 2829 atque
1251 2767 1314 2817 idea

171 2839 172 2842 ’
227 2843 406 2905 sumtuosa>
438 2845 478 2908 (ut
511 2847 581 2897 Nero
612 2848 750 2898 Tiridaten
787 2846 831 2894 vel
847 2845 961 2907 turpiter
980 2858 1087 2894 errasse
1108 2846 1150 2895 vei
1170 2846 1313 2907 impuden-

223 2923 313 2984 primo
325 2947 336 2956 -
348 2951 363 2961 -
375 2925 481 2974 admisit
501 2927 537 2974 ad
561 2939 663 2989 aedua,
689 2927 751 2976 alte·
788 2928 828 2973 ter
838 2924 982 2972 mentitum
995 2936 1056 2972 esse
1071 2923 1229 2983 Horatium,
1250 2936 1313 2972 eum

225 3006 365 3063 vatumque
393 3003 488 3051 deutra
513 3003 676 3052 exosculatus
701 3011 748 3052 est.
787 3001 919 3062 Tigranes
940 3002 968 3050 iu
990 3015 1104 3062 reguum
1134 3002 1201 3050 iliud
1227 3001 1313 3050 dedu-

227 3076 302 3126 Suet.
328 3079 390 3128 Ner.
418 3077 474 3143 13.)
501 3081 605 3143 potitiae
628 3082 750 3142 imagine
787 3084 845 3127 utus
873 3080 923 3127 sit:
954 3092 1006 3142 qua
1035 3079 1115 3140 outpa
1148 3084 1176 3128 ut
1204 3081 1312 3143 podiam

212 3164 276 3218 'pro
306 3157 433 3221 «supplex
462 3171 510 3220 per
537 3157 640 3220 legatos
669 3166 749 3223 atque
787 3157 932 3216 liberaret,
954 3157 1092 3206 Bentleins
1115 3157 1241 3222 Tiaraues
1264 3171 1312 3221 pru

226 3234 418 3293 submissus;»
440 3249 580 3297 uunquam
599 3233 672 3286 enim
693 3239 749 3300 ipse
785 3237 913 3286 Phraates
931 3237 1080 3300 proposuit.
1176 3229 1178 3232 ’

226 3310 340 3361 Romam
352 3317 481 3372 venerat,
502 3319 531 3363 ut
544 3328 572 3363 se
588 3315 622 3362 ad
635 3314 749 3378 Augusti

226 3391 310 3451 pedes
335 3395 519 3453 prosterneret
545 3393 624 3455 eique
650 3395 750 3457 suppli·
821 3392 865 3442 29.
886 3387 981 3454 Copia]
998 3393 1181 3442 abundantiae
1194 3397 1221 3442 et
1234 3394 1313 3443 uber·

226 3473 310 3517 curet.
356 3469 503 3531 Imperium
525 3477 615 3521 autem
635 3472 749 3530 Augusti
787 3467 1196 3528 tatisden,utCarm.Seo'.57.
1219 3471 1312 3521 annea

226 3547 340 3607 aceepit,
361 3553 493 3609 quatenus
506 3550 541 3598 ob
559 3555 660 3600 metum
674 3551 748 3610 belii,
786 3553 877 3595 autem
898 3547 987 3596 omnis
1014 3549 1121 3608 generis
1143 3548 1235 3610 fruges
1258 3549 1313 3597 sru-

226 3623 298 3686 quod
318 3623 361 3672 bie
379 3625 404 3673 ei
421 3627 610 3687 minitabatur,
630 3628 749 3689 captivos
786 3631 899 3686 eiusque
916 3625 993 3686 quasi
1015 3625 1049 3674 de
1067 3625 1143 3675 caeto
1162 3628 1190 3674 iu
1210 3631 1312 3676 terrem

227 3713 257 3748 ex
284 3699 374 3750 Crassi
400 3707 426 3752 et
447 3703 562 3766 Antonii
588 3707 748 3754 exercitibus
786 3711 859 3753 uuna
877 3704 1010 3763 defundit,
1042 3717 1164 3753 ecornu
1186 3718 1236 3753 suo
1255 3719 1313 3753 om-

226 3777 358 3840 signaque
373 3781 500 3830 militaria
513 3782 609 3831 Cressa
623 3783 748 3845 adempta
786 3783 866 3832 uibus
875 3784 1046 3832 abundanter
1055 3782 1198 3844 largitur.»
1217 3783 1312 3844 Longe

225 3854 339 3906 Romam
352 3860 457 3908 remisit
465 3866 491 3908 et
500 3858 569 3910 fliius
583 3864 748 3922 nepotesque
786 3862 876 3910 minus
891 3866 993 3910 reatum
1012 3865 1082 3910 esset
1094 3861 1212 3923 defudit,
1234 3862 1313 3925 quasi
1340 3869 1347 3882 ·

226 3935 334 3983 obsides
356 3935 477 3996 Augusta
499 3937 581 3985 dedit.
604 3937 700 3987 Strabo
719 3937 747 3988 6.
785 3952 849 3988 vero
873 3939 926 3988 iam
951 3935 1100 3990 defundere
1123 3939 1257 3999 desisset,
1285 3944 1313 3988 et

226 4012 471 4072 extr.1ustin.42,
493 4013 520 4063 5.
542 4014 606 4064 Tae.
627 4015 698 4064 dnn.
720 4017 746 4076 2,
785 4029 850 4066 sane
869 4017 1090 4068 antecedentibus
1109 4017 1237 4080 perfectis
1259 4017 1312 4068 ari-

226 4091 259 4138 1:
289 4091 417 4140 Phraates
448 4097 540 4142 runata
568 4087 748 4142 uensrautium
784 4095 875 4154 ginem
892 4094 981 4144 debet.
