2842 4808
493 297 561 344 ΑΒΕ
583 295 738 345 POE'HGA.

401 670 769 729 EXCURSUS
807 671 834 727 1.

432 812 483 867 An
504 810 540 867 Α.
560 811 593 869 P.
614 827 660 867 vv.
681 809 804 906 dss-db.

129 958 194 1013 Dici
221 957 269 1013 vix
296 959 407 1027 potest,
429 957 496 1026 quot
524 955 681 1026 quantique
701 969 815 1011 errores
838 953 868 1010 in
889 955 933 1010 his
953 957 1083 1014 versibus
1113 977 1164 1016 ex-

73 1033 229 1104 planandis
249 1036 278 1088 et
297 1031 506 1088 constituendis
530 1033 566 1086 ab
589 1031 794 1100 interpretibus
814 1032 959 1086 commissi
983 1033 1050 1087 sint.
1103 1037 1164 1092 Mc-

74 1110 193 1164 morabo
228 1108 399 1177 praecipuos
445 1107 603 1161 dumtaxat.
667 1107 740 1162 Sunt
768 1107 934 1162 etiamnunc
971 1109 1020 1178 qui
1052 1109 1107 1166 sio.
1122 1113 1165 1167 di·

74 1185 241 1252 stinguaut:

12 1255 13 1288 ἓ
234 1255 268 1312 Ul
288 1259 347 1310 lom
365 1272 437 1312 nunc
454 1258 546 1318 dicct,
568 1256 628 1310 idm
645 1271 718 1310 aare
737 1255 862 1310 debentia
881 1257 938 1312 dict

228 1333 363 1401 Pleraque
399 1333 509 1402 differet
533 1333 610 1397 cet.;
789 1385 791 1390 ,

12 1413 14 1462 ἶ
79 1407 232 1477 tripliciter
256 1410 352 1461 autem
375 1408 545 1478 exponunt:
575 1404 602 1478 1)
626 1403 686 1460 «Ut
703 1420 781 1459 nuuc
802 1406 897 1475 ipsum
918 1405 995 1460 dicat
1018 1421 1092 1476 quae
1115 1421 1168 1460 ne·

77 1482 205 1538 cessario
226 1482 282 1536 dici
306 1481 430 1551 dehent,
459 1483 550 1536 multa
574 1484 670 1536 tamen
694 1495 785 1550 aeque
813 1481 948 1536 debentia
970 1481 1026 1536 dici
1054 1482 1167 1536 differat

12 1599 13 1602 η
77 1560 107 1613 in
128 1556 334 1627 praesentia’',;
365 1556 393 1629 2)
418 1557 477 1612 «Ut
497 1555 642 1618 interdum
662 1555 740 1610 dicat
763 1557 880 1624 omnia,
902 1557 1047 1611 interdum
1071 1557 1166 1625 plera-

78 1649 150 1704 que,
181 1645 255 1702 quac
285 1632 430 1687 debebant
457 1631 514 1686 dici
536 1634 566 1684 et
590 1631 626 1684 ad
647 1631 741 1686 locum
772 1631 974 1700 pertinebant,
994 1633 1108 1686 differat
1134 1631 1165 1686 in

78 1708 157 1762 aliud
187 1710 319 1778 tempus,
348 1723 385 1761 nc
412 1708 488 1762 mole
518 1709 579 1760 τῶν
609 1705 816 1778 περιστάσεων
850 1707 988 1761 obruatur
1021 1708 1112 1762 lector
1138 1710 1168 1762 et

80 1783 256 1838 narrationis
290 1781 369 1836 iilum
400 1782 540 1856 amittat.»
571 1779 678 1835 Bruru.
719 1779 800 1846 Quae
826 1782 1077 1852 interpretationes
1107 1795 1170 1836 ma-

79 1859 158 1912 xime
172 1857 306 1911 differunt
319 1857 349 1910 in
370 1855 580 1926 significatione
593 1870 638 1910 vv.
654 1856 713 1908 iam
725 1871 797 1910 nunc
810 1857 1021 1912 constituenda.
1057 1855 1085 1930 3)
1108 1856 1170 1912 Alii

80 1933 110 1988 h.
133 1933 152 1985 l.
174 1932 337 2000 intelligunt
358 1933 419 1986 «dc
438 1932 543 1987 virtute
563 1929 688 1996 ordinis,
710 1944 767 1999 qua
791 1933 887 1986 statim
904 1933 935 1987 in
961 1933 1081 1987 exordio
1105 1949 1169 1986 car-

80 2007 166 2062 minis
188 2010 274 2076 potita
299 2008 380 2076 quasi
401 2009 593 2076 spectatorem
613 2004 679 2059 sacti
701 2005 866 2074 cuiusdam,
887 2008 921 2061 in'
943 2008 1019 2078 quod
1042 2008 1169 2062 medium

12 2143 13 2146 Ἴ
80 2082 198 2148 incidit,
229 2084 366 2137 lectorem
392 2083 423 2136 in
449 2081 560 2136 medias
591 2095 638 2134 res
664 2081 788 2148 rapiat.»
830 2082 886 2136 Sed
912 2083 947 2152 de
979 2083 1034 2136 hac
1065 2084 1170 2138 virtute

80 2157 216 2212 Horatius
245 2157 302 2210 alio
331 2159 394 2212 loco
423 2173 451 2212 v.
482 2153 546 2209 tls.
578 2155 728 2224 praecipit.
779 2155 837 2210 Clr.
870 2156 1008 2212 Schiraoh
1032 2157 1113 2213 Clau.
1136 2173 1165 2226 p.

80 2232 146 2287 298.
166 2233 247 2286 recte
276 2231 312 2286 de
342 2232 372 2285 h.
406 2233 427 2286 l.
456 2230 662 2300 disputantem.
697 2259 733 2270 -
762 2229 798 2284 V.
820 2230 930 2299 differet
949 2232 998 2288 alii
1022 2233 1171 2302 explicant

81 2308 231 2376 dispescat,
266 2307 429 2375 dispertiat,
461 2322 507 2360 vv.
539 2303 667 2374 presseris
694 2305 725 2358 ire
756 2310 877 2374 temptes,
911 2308 957 2360 rel
979 2306 1033 2360 «in
1059 2310 1171 2377 tempus

80 2383 216 2437 idoneum
234 2383 319 2450 atque
339 2381 430 2449 magis
446 2381 680 2449 opportunum»,
702 2379 748 2434 vel
770 2379 824 2433 oin
847 2382 978 2450 tempus,
1001 2397 1057 2452 quo
1078 2383 1186 2448 lector,

82 2456 267 2530 ὁὲπιιυχών
287 2456 342 2510 hoo
361 2457 455 2530 ipsum
477 2457 665 2524 exspectetn:
694 2469 769 2523 qnae
790 2455 888 2508 omnia
908 2457 1028 2510 Latinae
1048 2471 1170 2512 cousue-

83 2529 175 2585 tudini
198 2534 378 2599 repugnant3
413 2546 480 2584 nam
504 2529 618 2583 Horatii
645 2530 783 2598 aequales
813 2530 897 2584 aliter
925 2531 1087 2600 intelligere
1113 2548 1172 2588 uon

85 2608 219 2676 poterant
239 2621 325 2675 quam
343 2607 419 2676 quod
441 2619 581 2692 persaepe
604 2604 755 2673 reperitur,
777 2606 808 2658 io
818 2621 957 2673 praesens,
981 2610 1018 2662 od
1032 2624 1174 2677 praescire„

85 2680 136 2753 (εἰς
157 2677 193 2734 τὸ
212 2689 332 2750 πυρόν,
353 2697 416 2736 oor
436 2682 499 2734 der
518 2678 650 2751 Hand.)
680 2709 716 2720 -
743 2679 877 2734 Promissr'
902 2684 1034 2736 carminis
1055 2683 1105 2736 alii
1126 2698 1174 2736 er-

83 2755 229 2825 plicantt'
248 2753 274 2826 1)
299 2759 498 2825 «perlongum,
520 2755 615 2822 magui
639 2753 762 2810 ambitus
782 2757 811 2808 et
824 2756 1007 2825 momenti»,
1032 2759 1173 2826 analogia

84 2829 190 2884 barbae
216 2832 383 2896 promissae,
415 2832 500 2885 erinis
517 2831 649 2900 promissi
672 2830 840 2896 abutentes,
863 2846 935 2901 quos
958 2833 1035 2888 salse
1062 2833 1174 2887 deridet

82 2902 208 2957 Wolfius
234 2905 309 2974 apud
338 2905 506 2960 Schellium.
547 2903 575 2978 2)
593 2901 613 2954 ‘a
628 2904 778 2974 incepti»,
807 2904 985 2975 simpliciter.
1026 2905 1054 2980 3)
1079 2907 1175 2963 «Cum

84 2979 187 3048 cuique
206 2983 329 3046 poeseos
347 2981 445 3048 generi
462 2993 515 3035 sua
538 2982 649 3033 constet
668 2980 759 3047 ratio,
793 2983 879 3048 polita
902 2997 1018 3039 carmen
1040 2977 1173 3038 condilu-

86 3069 151 3120 rus‚
174 3056 252 3108 certo
266 3056 351 3108 alicui
372 3059 493 3123 poeseos
511 3055 609 3122 generi
631 3055 694 3121 lege
712 3055 881 3125 adstrictum
897 3054 1015 3130 (alioqui
1040 3073 1097 3113 non
1112 3060 1174 3112 lue-

86 3129 123 3182 rit
145 3127 259 3200 poiima)
291 3130 433 3198 promissa
456 3131 551 3184 iacere
571 3130 702 3195 videtur,
730 3128 850 3198 quibus,
873 3131 897 3184 si
921 3133 1079 3200 legitimum
1103 3149 1174 3187 con-

87 3204 193 3258 diderit
211 3207 333 3272 poima,
367 3206 477 3258 tantum
497 3206 602 3272 abest,
629 3205 660 3258 ut
679 3199 838 3270 resciderit,
860 3209 892 3260 ut
911 3206 947 3261 ab
968 3207 1174 3276 intelligentis-

86 3279 161 3333 simo
173 3292 286 3348 quoque
306 3279 455 3348 promissis
475 3280 588 3334 stetisse
609 3277 741 3352 (exlege)
757 3277 1008 3337 iudicandussit.»
1031 3282 1172 3338 Sonuunn.

86 3352 115 3426 4)
136 3360 152 3404 a
161 3352 323 3409 Promittere
332 3355 409 3409 idem
423 3361 467 3408 est
477 3357 562 3424 atque
570 3355 705 3424 prodere,
722 3355 841 3409 emittere
852 3395 860 3417 ,
873 3357 979 3410 edere.»
1000 3355 1173 3415 Hocrruunn.

144 3427 217 3484 Cum
245 3428 382 3485 Horatius
410 3429 506 3484 dedita
528 3443 615 3498 opera
636 3442 688 3500 per
708 3430 766 3483 tres
785 3445 886 3485 versus
910 3431 1078 3486 immoratus
1099 3435 1176 3486 essct

87 3503 117 3557 in
137 3503 306 3572 gravissimo
335 3508 490 3574 praecepto
517 3505 553 3558 de
579 3505 740 3558 artificiosis
760 3504 946 3560 dilationibus
979 3510 1064 3576 atque
1091 3509 1177 3562 omis-

88 3578 218 3632 sionibus
250 3580 371 3648 politicis
405 3579 571 3646 tradendo,
614 3578 761 3634 Bentleius
791 3583 887 3634 tamen
919 3581 949 3635 iu
982 3583 1066 3637 tertio
1100 3584 1174 3636 adeo

90 3652 202 3716 haesit,
230 3657 260 3707 ut
280 3669 404 3725 quonam
424 3653 562 3710 Hoc-boc
579 3655 753 3724 referretur,
781 3670 881 3712 versus
901 3653 948 3712 45.
969 3655 1020 3712 lo.
1037 3655 1177 3728 explicari

91 3743 148 3782 non
172 3742 258 3798 posse
279 3731 468 3784 contenderet
487 3733 572 3798 atque
592 3729 632 3783 ita
652 3733 869 3799 transponeret:

242 3802 277 3857 Io
292 3807 382 3860 verbis
405 3807 488 3859 etiam
508 3805 594 3858 terseris
616 3799 762 3874 cautosque
781 3807 919 3870 serendis,
993 3803 996 3812 “

181 3889 187 3906 “
241 3877 302 3935 Hoc
322 3886 411 3944 amet,
434 3881 484 3934 boc
502 3885 614 3949 spernet
630 3881 763 3948 promissi
781 3883 913 3936 carminis
933 3885 1040 3935 auctor.

242 3951 356 4009 Diceris
368 3957 480 4025 'epreqic
499 3957 554 4010 cet.

89 4029 216 4098 euque
246 4029 328 4085 multi
352 4031 441 4084 secuti
463 4032 548 4099 sunt,
583 4027 625 4086 sic
648 4027 857 4104 explicantem:
890 4027 981 4084 «Hoc
1003 4031 1121 4086 verbum
1147 4033 1180 4086 ut

90 4105 213 4172 probam
232 4105 370 4174 recipiat„
391 4105 463 4160 illud
486 4107 516 4159 ut
538 4105 638 4162 aaroni
659 4105 822 4180 κόμματος
846 4105 979 4173 repudiet
1000 4109 1085 4176 atque
1106 4107 1177 4162 abii-
