2916 4796
492 321 557 370 un.
583 323 606 370 ι.
649 319 755 370 anrsr.
778 317 861 369 xvir.
1133 295 1215 368 449

129 445 330 528 'tentantem
353 463 496 542 mulera,
518 461 591 528 iere
613 451 848 546 praesentibus
867 477 1020 547 aequum.

14 571 19 579 ’
129 583 273 669 Contra,
296 601 390 669 quem
413 584 537 668 duplici
559 601 671 669 panno
694 585 858 667 patientia
879 584 992 663 velat,
1176 577 1216 640 25
1245 581 1251 585 “

128 705 301 788 Mirabar,
323 706 416 770 vltac
437 705 495 770 via
515 705 544 770 sl
566 721 732 772 conversa
754 703 897 770 decebit·

128 825 232 891 Alter
253 843 454 911 purpureum
475 845 544 891 nun
565 825 777 910 exspectabit
798 826 971 910 amictum,

129 945 302 1030 Quidlibet
322 946 459 1014 indutus
481 947 698 1014 celeberrima
718 965 781 1032 per
802 948 879 1012 luca
899 946 1016 1028 vadet,

160 1179 206 1260 lv.
244 1179 293 1243 Ep.
311 1178 396 1230 llvll.
434 1193 460 1231 r.
480 1177 525 1229 25.
543 1178 676 1242 snpientia
694 1175 849 1230 Markland.

129 1370 226 1444 αὐτόν
257 1375 337 1438 Dtug.
361 1375 392 1425 1..
416 1375 453 1436 2,
478 1373 529 1426 tid:
553 1366 605 1426 Ἢν
625 1372 656 1425 dl
694 1375 880 1441 terpretalicni
911 1377 999 1427 obstet
1029 1375 1159 1440 Diogenis
1186 1375 1217 1428 λ..

130 1451 234 1518 ἱκανὸς
246 1447 440 1526 ἁρμόσασθαι
451 1454 503 1504 καί
512 1451 592 1520 τόπῳ
605 1453 656 1504 καί
695 1451 890 1505 testimonium.
912 1479 941 1492 -·
963 1452 1103 1518 concerta]
1129 1455 1218 1507 «Cum

129 1529 229 1604 χρόνῳ
248 1532 300 1582 καί
319 1531 467 1602 προσώπῳ
488 1532 538 1584 καλ
558 1529 656 1582 πᾶσαν
694 1534 810 1597 Cynicus
838 1535 920 1585 ritem
949 1539 1005 1584 mm
1033 1547 1158 1597 asperam
1187 1549 1220 1586 ac
1317 1521 1320 1528 ’

129 1612 303 1683 περίστασιν
323 1604 474 1681 ἁρμονίως
499 1603 658 1681 ὑποκρίνα·
695 1612 792 1662 duram
809 1611 978 1673 affectasset,
1002 1614 1044 1665 rix
1065 1613 1144 1664 aliter
1160 1613 1221 1663 lieri

129 1690 211 1740 abac.
242 1715 290 1735 -.
305 1685 393 1751 color]
425 1695 557 1740 «externa
585 1691 656 1744 ritae
695 1696 817 1754 potarat,
849 1705 932 1756 quam
963 1697 1011 1754 ut,
1043 1693 1067 1742 si
1091 1691 1222 1743 voluisset

129 1769 236 1832 species
260 1773 342 1832 atque
368 1769 521 1819 condicio.»
550 1768 605 1819 Sat.
629 1769 656 1828 λ,
695 1771 858 1833 aliquando,
878 1773 950 1823 vitae
970 1773 1092 1822 instituto
1111 1785 1221 1836 prorsus

130 1849 156 1908 1,
176 1848 229 1898 60:
263 1849 383 1911 ριιίιςνίι
408 1849 459 1901 ertt
481 1849 552 1898 ettae
574 1847 656 1898 color.
695 1854 818 1910 mutato,
838 1863 873 1900 ne
883 1850 972 1900 dicam
988 1851 1088 1902 nitidus
1098 1851 1223 1912 elegans·

129 1953 163 1962 -
181 1923 285 1989 statur]
312 1927 454 1978 crationes
472 1940 534 1978 cum
551 1926 612 1976 altis
631 1931 658 1976 et
696 1943 749 1993 qus
780 1929 887 1990 videri,
926 1931 973 1980 scd
1003 1931 1100 1980 saltem
1125 1930 1161 1980 ita
1192 1942 1222 1979 sc

131 2003 375 2058 necessitudines.»
390 2005 488 2069 -resl
510 2005 657 2055 «reslami-
696 2022 791 2072 gerere
812 2022 845 2058 ac
866 2010 982 2071 restire,
1014 2016 1044 2060 ut
1065 2011 1154 2060 sciant
1174 2009 1223 2059 bc·

129 2087 226 2146 liaris,
247 2084 446 2151 qualiscunque
459 2086 572 2137 diversis
591 2092 656 2135 tem·
695 2089 783 2138 mines
810 2089 941 2138 honestae
972 2089 1142 2140 condicionis
1169 2100 1222 2138 nec

131 2166 243 2230 peribus
282 2170 368 2215 erat.»
406 2187 437 2202 -
481 2159 655 2225 Teutantem]
696 2172 788 2216 tamen
807 2166 919 2227 divites,
940 2167 1011 2216 risus
1030 2168 1153 2217 omnlnm
1165 2179 1224 2216 mo-

132 2243 657 2310 «quacreutemquidemmelicra‚prae·
695 2250 771 2296 reret
795 2250 906 2308 propter
926 2247 1019 2296 nescio
1039 2259 1122 2310 σσιιιι
1141 2245 1222 2296 insci·

131 2325 218 2376 sentia
237 2329 329 2373 autem
343 2335 551 2387 semperaequo
565 2322 657 2373 animo
696 2327 790 2376 tiam.»

131 2404 294 2456 terentem.»
322 2427 351 2439 -
381 2398 448 2467 fere]
468 2405 509 2452 tm
528 2401 659 2453 Gauron
730 2403 845 2455 27-29.
867 2399 1221 2468 alterpurpureumwiog.

130 2478 659 2548 penommsn.-pusmdupltcs’]1tic-
696 2485 727 2534 1..
747 2483 779 2545 Ξ,
807 2482 859 2534 bb:
887 2479 935 2535 διό
959 2497 1030 2534 ποτε
1048 2477 1222 2552 Στράτωνα,

103 2619 109 2632 ι
131 2574 247 2626 genem,
267 2561 315 2626 qni
328 2566 359 2612 ut
375 2560 543 2614 satisfaceret
561 2560 659 2610 doctri·
697 2565 728 2614 oi
750 2560 780 2614 ti
805 2559 959 2623 Πλάτωνα,
982 2558 1056 2630 πρὸς
1074 2555 1168 2612 αὐτὸν
1186 2559 1224 2609 sl·

131 2655 184 2692 nae
212 2653 297 2702 snae,
330 2641 408 2691 cuius
435 2641 553 2704 primum
579 2643 660 2704 caput
697 2647 776 2705 πεῖν,
795 2642 847 2692 Σοί
859 2639 944 2708 μόνῳ
959 2639 1138 2692 elaborassent
1156 2637 1225 2700 χλα·

131 2727 191 2772 erat
207 2720 342 2783 patientta
360 2715 530 2790 (καρτερία,
554 2718 658 2784 τλημσ·
696 2717 777 2785 puicu
797 2725 902 2790 φορεῖν
919 2721 970 2770 καὶ
987 2713 1091 2791 ῥάκος.
1119 2713 1223 2776 «erato,

131 2796 225 2865 σύνη,
245 2798 390 2849 tolerantia
402 2797 521 2858 laboris,
539 2797 657 2860 inopiae.
698 2813 760 2849 cum
786 2799 934 2849 invenisset
960 2797 1128 2862 Aristippum
1157 2808 1226 2851 nau·

132 2878 274 2948 dolcrum:
295 2877 351 2928 Cic.
372 2878 406 2927 de
428 2876 475 2927 0r.
499 2877 525 2938 3,
546 2875 595 2926 17:
626 2876 659 2925 eb
698 2878 806 2941 tragum
826 2878 928 2943 vilique
941 2878 1066 2928 indutum
1080 2876 1225 2929 vestimen·

132 2958 301 3015 Antiatium,
333 2958 378 3021 uui
402 2957 609 3018 patientiam
635 2960 660 3005 st
699 2963 742 3018 tc,
757 2958 878 3008 laudarit
890 2971 952 3008 eum
970 2957 1077 3018 dicens,
1092 2969 1124 3006 ea
1138 2955 1226 3004 scisn-

132 3037 262 3086 durtticm
290 3037 334 3093 ,ίπ
371 3034 506 3086 Scerntim
546 3046 662 3084 samone
699 3038 737 3088 tta
756 3038 926 3104 praeditum,
946 3041 975 3087 ut
990 3049 1077 3099 aeque
1092 3036 1172 3084 sciret
1187 3033 1225 3083 nti

114 3118 249 3165 ισιαοίπιτ
278 3116 437 3175 adamam,
470 3111 582 3178 cuntot.)
613 3125 661 3176 pro
701 3117 806 3179 magnis
830 3117 999 3180 tepente.»
1048 3114 1132 3166 Aeac.
1152 3113 1223 3164 Mar.

134 3195 218 3259 pallio
248 3199 275 3245 et
306 3194 399 3244 tunica
428 3197 573 3244 contentus
605 3194 663 3242 crat
701 3195 763 3259 Tyr..
774 3194 801 3244 7.
817 3209 843 3258 p.
855 3194 916 3244 125.
931 3195 983 3243 lb:
1000 3189 1030 3242 Ὁ
1047 3187 1227 3262 Ἀρίστιππος

134 3287 190 3326 una
215 3274 306 3324 abolla
334 3287 370 3328 ex,
391 3269 462 3336 (rili)
489 3285 580 3337 panno
598 3284 662 3321 con·
700 3271 814 3335 ἐκεῖνος
830 3269 990 3342 πορφυρίδι
1002 3264 1227 3335 ἀμπισχόμενος

135 3351 220 3413 lecta,
241 3365 295 3417 qna
314 3353 453 3416 dupliciter
473 3351 661 3402 amiciebatur.
701 3353 750 3403 καλ
766 3347 874 3420 μύροις
893 3346 1051 3418 χριόμενος
1066 3342 1124 3408 οὐχ
1135 3337 1226 3412 ἧττον

135 3431 299 3497 Cynicorum
313 3433 387 3482 bunc
400 3431 523 3481 habitum
540 3431 602 3480 idco
618 3442 662 3480 rc·
701 3428 755 3482 τοῦ
772 3428 932 3494 Διογένους
947 3422 1122 3496 ἐσωφρόνει.
1154 3423 1225 3472 Plut.

134 3513 234 3565 cubam
246 3507 389 3566 διπλοΐδα.
421 3509 550 3572 Eligitur
560 3503 665 3571 οἰχίτω·
702 3509 736 3558 de
755 3508 818 3558 tort.
839 3511 867 3556 et
883 3506 947 3558 virt.
968 3504 1045 3555 Alex.
1065 3505 1091 3564 1,
1110 3502 1142 3553 sa
1161 3496 1228 3572 Ἀρί·

134 3605 181 3654 νις
211 3589 346 3654 quidem,
377 3589 425 3639 sed
450 3587 662 3651 draeloeipmot·
701 3599 829 3639 στιππον
842 3581 1029 3649 θαυμάζουσι
1043 3579 1096 3634 τὸν
1110 3582 1227 3651 Σωκρα·

135 3670 214 3732 lllog.
235 3669 267 3718 i..
287 3669 314 3729 6,
334 3665 388 3718 22:
412 3666 542 3739 τρίβωνα
562 3660 665 3716 διπλοί-
703 3661 787 3716 τικόν
811 3657 859 3716 ὅτι
879 3663 930 3714 καί
951 3660 1071 3732 τρίβωνι
1091 3655 1160 3725 λιτῷ
1176 3657 1228 3708 καὶ

135 3763 190 3812 σας
213 3744 330 3818 πρῶτος
347 3743 529 3808 κατάτινας
554 3739 603 3796 διὰ
628 3738 663 3794 τὸ
702 3739 834 3811 Μιλησίᾳ
860 3737 988 3805 χλαμύδι
1019 3735 1170 3810 χριόμενος
1192 3733 1228 3786 δι’

136 3822 272 3892 α’νάγκην
286 3818 367 3888 ἔχειν
375 3824 427 3874 καὶ
434 3821 563 3874 ἐνεύδειν
572 3814 663 3887 adrui·
702 3816 881 3893 ἀμφοτέρων
900 3816 998 3890 ἐτήρει
1014 3815 1049 3870 τὸ
1063 3811 1227 3882 εὔσχημον.

135 3903 223 3954 Pallio
231 3908 320 3954 cutem
326 3901 554 3966 πίίίίισραίίίίαι,
563 3899 666 3950 ιίίσπιιί
705 3899 875 3964 «Aristippus
887 3903 991 3958 contra,
1006 3901 1036 3947 nt
1047 3897 1076 3946 in
1089 3895 1228 3959 pubiicum

134 3983 249 4046 duplae,
269 3982 339 4046 pacui
353 3981 481 4041 διαίταις
501 3984 533 4030 ut
550 3980 588 4029 alt
600 3978 665 4028 'ler-
703 3978 834 4042 prodeat,
854 3990 910 4028 non
932 3975 1114 4042 exspectabit,
1141 3974 1229 4024 donec

135 4061 197 4113 tull.
218 4062 253 4112 ds
273 4060 357 4124 palllc
378 4061 406 4112 5.
431 4060 464 4111 V.
487 4057 586 4124 duplici
609 4058 665 4108 ncli
703 4069 720 4106 ι
739 4055 845 4107 lautcrc
866 4056 959 4120 aliquo
980 4065 1147 4118 purpureum
1171 4051 1229 4115 pal·

137 4141 275 4217 explicare
302 4152 431 4201 «crasso,
450 4139 536 4200 rili.»
558 4136 603 4188 cut
625 4136 666 4186 in·
703 4135 771 4185 llum
784 4135 856 4184 deno
869 4135 1001 4197 accipiat,
1021 4132 1068 4184 sed
1087 4130 1231 4194 simpltcls-

223 4254 314 4288 nostr.
334 4253 390 4287 ΥΟΙ..
410 4252 439 4284 ΙΙ.
1046 4226 1086 4287 29
