2856 4782
525 301 590 348 um.
610 303 634 346 ι.
675 301 803 366 sanun
1123 285 1200 355 185

119 437 282 524 Impediat
303 438 420 504 verbis
440 436 550 505 insses
573 441 789 507 onerantibus
812 459 927 526 nures3
1161 440 1202 504 to

117 559 161 624 ilc
181 577 339 624 sermone
362 576 447 642 opus
469 560 522 624 est
543 557 641 623 modo
664 562 768 642 tristi,
789 579 892 646 saepe
913 563 1046 648 iocoso,

117 678 332 746 Defendcnte
353 683 462 746 viceni
484 679 581 746 modo
601 680 747 746 rhetoris
768 688 869 766 atque
891 685 1034 766 poetae,

116 799 287 864 Interdum
311 800 446 882 urbani,
469 802 639 884 parcentis
659 803 788 866 viribus
809 805 911 886 etque

57 937 59 939 ·
116 918 345 984 Extenuantis
366 938 426 984 eas
447 920 611 984 consulto.
655 920 843 1013 Ridiculum
865 924 934 990 acri
1066 991 1068 998 ,

114 1037 254 1103 Fortius
276 1041 311 1104 et
331 1041 449 1104 melius
470 1058 610 1128 magnas
632 1043 825 1126 plerumque
846 1046 941 1108 secet
965 1061 1032 1110 res.
1162 1042 1201 1107 1⁵

115 1159 184 1240 liii,
207 1159 336 1243 scripta
359 1161 477 1242 quibus
499 1160 671 1226 comoedia
693 1163 804 1246 prisca
825 1163 909 1226 viris
930 1166 999 1245 est,

115 1279 190 1344 Hoc
213 1279 368 1360 stabant,
389 1278 454 1344 boo
475 1282 553 1343 sunt
576 1279 741 1366 imitandi3
764 1299 847 1366 quos
869 1299 977 1366 neque
999 1282 1140 1368 pulcher

114 1397 352 1488 Hermogenes
372 1417 517 1484 unquam
538 1400 624 1487 legit
646 1418 754 1484 neque
775 1403 889 1467 simius
910 1379 990 1485 iste,

167 1629 191 1680 1.
230 1641 257 1682 r.
277 1628 321 1678 12.
341 1630 410 1680 cicer
428 1642 564 1698 superscr.
583 1643 610 1680 m
628 1629 656 1681 S.

116 1809 301 1874 Reprehendis
329 1809 427 1860 Lucilii
451 1811 643 1863 verbositatem
668 1811 748 1861 'lttw
800 1809 975 1860 «Ridiculum
1005 1822 1086 1876 saepe
1116 1815 1204 1878 magis

116 1888 328 1952 frequentesque
349 1900 365 1937 a
385 1902 415 1938 re
436 1890 642 1951 degressiones,
680 1893 833 1940 commoret
859 1888 984 1939 homines
1008 1903 1090 1954 quem
1115 1892 1206 1954 grauis

116 1968 215 2030 quibus
237 1967 312 2018 uitiis
331 1965 528 2029 defatigabatur
546 1968 642 2020 lector.
681 1981 713 2017 ae
725 1968 796 2018 seria
809 1967 971 2019 declamatio
984 1969 1066 2018 etiam
1075 1971 1107 2018 in
1120 1971 1203 2021 rebus

116 2045 171 2096 Nee
200 2046 266 2094 satis
298 2046 489 2117 iilnm‘srtem
515 2046 643 2096 calluisse
681 2046 772 2108 magni
789 2046 956 2097 momenti.»
985 2047 1115 2109 Quinctil.
1132 2047 1161 2109 d,
1175 2049 1202 2108 a,

116 2123 272 2184 signifieat,
292 2124 400 2180 tristia,
422 2124 517 2185 idest,
549 2124 642 2186 gravia
679 2124 713 2174 9:
746 2126 929 2176 filimerem
948 2128 1127 2178 mammone
1150 2135 1205 2175 mo·

116 2202 248 2260 reseris,
269 2201 369 2251 iocosis
386 2202 574 2262 immiscendi,
595 2202 641 2255 sed
668 2205 770 2252 'mente
788 2205 883 2259 oerttt,
903 2217 961 2252 erim
978 2205 1066 2254 odioso
1086 2206 1204 2268 iramque

117 2279 176 2329 ioca
216 2279 299 2328 unice
339 2286 472 2342 captasse.
522 2280 643 2330 «Satira-
679 2280 881 2342 freqomtisrtme
896 2283 1018 2346 sronqet.

116 2359 642 2421 rumautemscriptorpartesiutcrdum
715 2356 843 2407 iti-19.
880 2360 1014 2408 eonwediu
1023 2356 1127 2420 priseo]
1146 2357 1203 2410 Sel.

117 2437 252 2486 sustinere
266 2437 347 2486 debet
362 2437 510 2486 rbeton'rs.
528 2437 642 2486 oratoris
680 2437 706 2494 1,
724 2434 752 2490 l,
774 2434 808 2483 1:
840 2436 950 2496 Eupolis
979 2441 1056 2498 atque
1081 2437 1205 2487 Cratistus

116 2514 248 2566 lectorem
270 2516 305 2565 ad
324 2515 454 2574 ,uirtutem
476 2515 642 2566 exhortantis
680 2513 916 2576 Aristophanesque
925 2517 1030 2575 poetae.
1043 2539 1072 2550 -
1086 2510 1205 2575 stabam]

116 2593 315 2655 hominumque
339 2593 406 2644 uitia
432 2594 531 2644 acriter
555 2593 643 2655 exagi-
682 2597 813 2654 «propter
828 2591 888 2641 iiles
906 2583 1019 2642 virtutes
1035 2593 1103 2642 adeo
1121 2605 1205 2654 popu·

116 2673 213 2732 tantis,
234 2673 343 2734 saepius
356 2684 421 2722 vero
431 2677 541 2734 pot'tos,
561 2673 643 2722 modo
680 2671 708 2720 lo
732 2671 889 2734 placebant,
916 2676 946 2720 ut
965 2671 1000 2719 ab
1020 2671 1097 2719 initio
1118 2681 1206 2732 usque

120 2750 242 2799 actiones
254 2749 386 2799 ridiculas
405 2750 595 2810 describentis,
614 2755 644 2800 ui
681 2750 715 2799 ed
737 2748 819 2798 linem
841 2748 968 2811 plausum
981 2749 1101 2810 ferreni3
1124 2753 1206 2811 atque

117 2827 439 2888 estiterBruudusinum,
458 2829 641 2891 importunus,
681 2828 838 2878 etiamnunc
865 2841 911 2878 eos
940 2841 989 2878 uos
1018 2827 1205 2878 admiramurs

117 2905 290 2970 Colloquium
308 2919 371 2956 oum
390 2907 534 2967 Trebatio,
562 2909 642 2958 modo
682 2907 733 2956 etsi
762 2906 917 2969 pulchellus
949 2906 994 2956 iile
1021 2911 1048 2956 et
1076 2907 1206 2956 delicatus

117 2985 204 3034 maios
217 2991 244 3034 ei
257 2985 370 3036 vitiosos
384 2985 454 3034 salse
467 2985 642 3035 deridentis.»
682 2983 710 3047 (s
719 2982 945 3048 totrerbufte)
964 2979 1150 3048 Hermogenes
1163 2983 1208 3034 Ti·

152 3063 284 3113 13-15.
335 3061 446 3125 orbani]
482 3058 642 3135 «εἴρωνος,
682 3063 779 3126 gellius
802 3060 1023 3126 (sat.1·,i,‘1e.
1055 3064 1131 3123 1,9,
1149 3057 1206 3124 25.)

118 3156 229 3192 omnem
256 3142 447 3192 scurrilitatem
470 3143 536 3191 scite
570 3143 644 3192 deri·
682 3155 824 3205 nunquam
846 3142 896 3191 bos
922 3142 1014 3203 legit.»
1057 3140 1082 3189 ls
1108 3141 1207 3202 igitur,

117 3221 199 3270 tantis
219 3233 252 3270 ee
272 3224 384 3283 propter
401 3219 428 3268 id
449 3221 557 3283 ipsum,
582 3235 644 3270 cum
683 3221 732 3270 etsi
757 3221 861 3270 facetus
887 3233 946 3270 esse
971 3219 1114 3278 studebat,
1143 3231 1208 3271 vere

117 3300 203 3350 multo
233 3300 325 3349 acrius
350 3299 591 3362 vehementiusque
616 3299 644 3349 ln
682 3298 842 3349 facetiarum
857 3299 1023 3362 exemplaria
1041 3297 1206 3358 negligebat.

117 3379 180 3430 ritis
193 3378 288 3428 inuehi
306 3382 413 3440 posset,
433 3379 557 3440 proprias
575 3378 645 3429 vires
683 3401 715 3413 -
733 3379 824 3426 simler
842 3374 905 3438 iste]
924 3376 995 3436 rei,
1017 3376 1145 3437 «ineptus
1165 3372 1209 3424 Ti·

117 3458 306 3516 extenuantis,
327 3457 367 3506 sic
387 3461 494 3513 umen,
514 3462 543 3506 ut
563 3458 646 3508 lecto·
684 3454 758 3517 gellii
777 3455 916 3504 imitator»
943 3450 984 3516 (ut
1003 3453 1114 3503 Aristot.
1132 3453 1208 3502 Petit.

118 3549 175 3586 rem
200 3535 317 3584 minime
333 3533 436 3595 fugiat,
465 3549 521 3584 nou
541 3535 646 3597 ingenii
683 3525 796 3596 26:59
812 3531 879 3582 λίαν
892 3529 949 3603 γὰρ
966 3525 1207 3600 ὑπερβάλλοντα,

118 3615 227 3677 inopia,
256 3613 304 3662 sed
324 3613 414 3662 dedita
436 3626 518 3676 opera
538 3616 646 3676 politam
683 3609 843 3676 πίθηκον
861 3603 878 3660 ὁ
893 3610 1045 3671 Μυνὶσκος
1062 3607 1117 3658 τὸν
1134 3607 1208 3660 nat·

118 3693 153 3742 ita
173 3693 226 3742 sibi
246 3679 418 3742 moderatum
437 3705 544 3741 esseae
563 3692 646 3743 ueluti
682 3687 798 3754 λιπίδην
816 3685 948 3752 ἐκάλει)
968 3688 1029 3744 rel.
1049 3692 1078 3736 ut
1096 3690 1209 3737 narrant

118 3771 210 3822 frenos
232 3770 414 3834 imposuisse,
451 3775 482 3820 ut
504 3784 539 3821 ne
564 3771 646 3820 nimis
684 3769 868 3828 scholiastae,
901 3773 1031 3831 «propter
1058 3765 1209 3816 deformem

115 3852 228 3900 iocosus
247 3855 274 3900 et
291 3850 441 3899 scurriliter
460 3850 572 3899 mordax
586 3863 646 3900 era·
684 3861 716 3897 ac
739 3849 849 3898 brevem
870 3851 1031 3896 staturam.»
1060 3841 1208 3908 (Aristopn.

117 3929 226 3980 deret.»
249 3927 387 3988 -'seeot]
414 3929 550 3987 «dirimit,
575 3928 647 3977 deci·
684 3927 753 3977 Rau.
767 3926 836 3974 708:
857 3919 875 3976 ὁ
894 3921 1055 3990 πίθηκός
1073 3919 1100 3988 γ’
1120 3913 1210 3982 οὗτος

121 4009 191 4059 dir.»
224 4006 556 4069 sieupp.1,1o‚to=
589 4006 646 4066 Qoo
686 4029 716 4042 -
735 4004 892 4070 Κλειγένης
911 3997 1076 4073 ὁιμικρός.)
1105 4001 1209 4048 «Notat

119 4087 216 4136 moitoe
236 4097 400 4150 meqooeqoe
425 4091 544 4134 cocuntur
563 4083 646 4160 todire
684 4084 722 4135 M.
740 4083 906 4132 Demetrium
923 4081 955 4130 ad
976 4079 1078 4129 nollem
1093 4089 1149 4125 reru
1164 4075 1210 4124 do·
1297 4087 1302 4094 ·
