2920 4792
272 292 351 362 258
610 308 746 355 uonnrn
769 289 968 354 sarinnnun

272 454 347 518 Hoc
359 463 482 540 genus:
497 446 591 513 Horo
603 449 703 532 quoto
716 437 795 509 est?
817 434 929 507 'ihren
945 443 997 505 est
1009 437 1141 506 Gallina
1155 433 1246 523 Syro
1261 427 1350 520 pur?

209 571 212 574 ’
271 571 442 638 Matutino
463 587 577 652 parum
600 570 718 630 caulos
741 566 802 628 ium
826 563 954 648 frigora
976 557 1139 624 mordent.
1312 551 1350 613 45
1446 593 1447 618 2

270 691 317 755 nt
341 707 425 774 quae
447 690 569 751 rimosa
590 686 675 762 bene
698 682 910 766 deponuntur
932 685 966 744 in
987 697 1078 744 oure.

271 808 339 874 Per
359 811 463 871 toturn
486 806 550 870 hoc
573 808 703 888 tempus
724 801 905 866 subiectior
926 801 960 862 in
983 797 1067 862 diem
1090 800 1124 861 et
1146 796 1259 860 horam

271 925 423 993 Invidiae
445 928 571 990 noster.
613 922 727 989 Ludos
749 922 965 1004 spectaverat
987 936 1069 1000 una,

324 1114 346 1163 1.
384 1127 410 1163 v.
429 1111 474 1161 44.
496 1107 591 1170 Toron]
610 1109 698 1158 Bentl.
719 1115 777 1157 tran
795 1119 929 1169 superior.
949 1118 967 1154 a
984 1107 1012 1155 b.
1034 1106 1125 1154 Tlraoe
1143 1103 1186 1152 Sc.
1200 1102 1237 1152 Μ.
1264 1118 1291 1154 v.
1306 1103 1352 1152 48.

271 1183 400 1232 invidias.
419 1185 507 1229 nostor
525 1179 598 1227 ludos
617 1177 786 1237 distinguunt
803 1177 866 1225 bsc.
887 1175 956 1224 ibid.
975 1170 1152 1236 spectaverat]
1172 1172 1233 1221 bSo.
1253 1179 1354 1234 specla-

272 1251 338 1302 oail
357 1249 395 1302 u.

315 1345 352 1395 11.
389 1358 415 1395 v.
435 1344 480 1394 44.
502 1345 592 1392 Tlraa
610 1356 646 1391 an
664 1341 772 1393 Gallina
790 1339 819 1390 L.
841 1339 932 1389 Thrac
949 1344 986 1388 cst
1006 1337 1036 1388 d.
1057 1337 1131 1386 CTF.
1169 1335 1259 1387 ν.“48.
1281 1337 1353 1384 invi·

274 1415 348 1464 dina:
367 1419 457 1462 nostor
474 1413 547 1462 ludos
566 1411 662 1462 LCTF.

299 1508 350 1560 111.
386 1523 413 1562 v.
432 1507 477 1558 48.
499 1508 653 1570 spectaverit
672 1519 687 1556 s
705 1505 790 1556 Codd.

306 1649 438 1702 44-46.
475 1649 533 1698 Hoc
555 1644 652 1712 aenas]
677 1647 733 1696 Cic.
759 1646 793 1696 ad
832 1659 894 1695 enm
907 1645 1002 1694 amicis
1020 1645 1156 1694 secundae
1168 1644 1352 1694 admissionis.

272 1725 327 1778 tto.
341 1727 385 1787 13,
400 1727 452 1775 12:
472 1725 527 1776 Scia
539 1739 579 1774 ms
591 1726 794 1774 nnlooran‘onos
831 1724 939 1773 Arriam.
954 1721 1040 1785 Epict.
1051 1721 1077 1783 3,
1090 1722 1137 1772 16:
1158 1725 1190 1774 Τί
1202 1721 1260 1793 γὰρ
1270 1720 1354 1788 ποιή-

273 1811 321 1857 aot
352 1803 479 1868 aliquid
504 1803 537 1851 id
562 1815 668 1865 nonna
688 1802 794 1849 solitum
831 1815 908 1862 σεις,
927 1796 967 1850 ἄν
985 1802 1050 1870 περὶ
1066 1799 1248 1864 μονομάχων
1266 1797 1349 1869 λαλῇ,

272 1881 392 1932 scribare.
413 1903 443 1915 -
464 1877 586 1940 Gallina]
615 1891 715 1927 nomen
738 1878 794 1938 gla-
830 1873 869 1928 aiv
881 1879 945 1946 περὶ
959 1875 1063 1936 ἵππων,
1077 1872 1115 1928 ἄν
1128 1879 1192 1945 περὶ
1204 1873 1352 1941 ἀθλητῶν,

274 1959 385 2007 dictoris
415 1969 464 2019 per
482 1969 522 2005 so
549 1956 710 2014 ridiculum,
747 1955 794 2017 qui
830 1947 885 2013 aiv,
906 1953 940 2004 τὸ
963 1949 1007 2004 ἔτι
1025 1951 1140 2005 τούτων
1157 1959 1269 2020 χεῖρον,
1288 1956 1353 2024 περὶ

276 2034 425 2084 Tlraaerat
436 2031 563 2097 (sicenim
572 2033 792 2096 pronuntiabant,
830 2027 1009 2099 draconem

274 2113 394 2172 ubiuis,
414 2125 469 2162 non
487 2112 561 2160 natio
579 2111 792 2172 significaretur,
864 2109 995 2159 47-49.
1033 2107 1083 2158 Per
1108 2106 1209 2170 totum]
1243 2109 1297 2158 «Ex
1319 2121 1352 2158 eo

273 2204 329 2240 non
340 2186 477 2256 Thracas),
497 2191 584 2250 idest,
605 2202 697 2251 parma
711 2189 794 2238 Thre-
831 2187 894 2236 iude
911 2192 1048 2248 tempore,
1069 2200 1123 2249 quo
1141 2187 1169 2234 iu
1187 2187 1352 2237 Maecenatis

275 2268 361 2317 aidica
379 2273 407 2317 el
427 2267 517 2329 gladio
539 2269 650 2319 incurvo
676 2262 792 2338 (ἅρπῃ)
831 2265 978 2315 amicitiam
996 2265 1130 2313 admissus
1150 2277 1227 2324 snm,
1248 2265 1277 2314 in
1295 2265 1353 2314 dies

273 2350 392 2394 armatus
409 2346 535 2407 componi
553 2345 656 2394 solebat
670 2345 697 2394 in
709 2357 793 2393 arena
831 2355 863 2391 eo
881 2355 963 2404 prope
981 2341 1009 2390 in
1027 2342 1149 2402 singulas
1167 2344 1246 2391 horus
1266 2344 1352 2405 magis

274 2435 336 2474 cum
349 2420 415 2485 Syro
428 2423 608 2482 mirmillone,
628 2423 723 2482 idest,
738 2422 793 2482 gia·
831 2421 966 2481 expositus
987 2431 1047 2468 sum
1070 2421 1187 2470 invidiae
1209 2421 1350 2470 hominum

274 2501 376 2552 diatono
393 2505 530 2550 armatura
544 2500 647 2550 Gallica
661 2501 754 2550 induto
767 2503 794 2548 et
831 2498 962 2546 contracti
975 2503 1002 2546 ot
1015 2497 1106 2559 pusilli
1119 2497 1231 2546 animi.»
1253 2521 1285 2532 -
1303 2498 1353 2546 Νο-

274 2579 356 2640 piscis
377 2575 386 2640 (
394 2575 551 2646 μορμύλου
572 2590 593 2626 s·
615 2572 792 2645 μορμύρου)
830 2581 883 2624 star
893 2575 1052 2638 comicepro
1061 2587 1123 2638 ano.
1137 2587 1233 2623 anaor
1245 2575 1278 2626 M
1279 2588 1351 2624 ann.

274 2656 420 2716 imaginem
439 2657 468 2704 iu
487 2655 565 2716 galea
582 2655 710 2703 habento.
735 2653 791 2702 Cic.
828 2653 918 2702 Plaut.
932 2654 1002 2702 liud.
1016 2654 1043 2713 4,
1057 2654 1083 2712 7,
1099 2654 1151 2702 19:
1170 2654 1275 2702 minima
1287 2654 1353 2701 istuc

271 2733 341 2783 Phil.
352 2732 378 2791 7,
389 2733 424 2780 d:
444 2733 474 2779 L.
488 2731 617 2780 Antonios
629 2731 753 2780 mimillo
765 2731 794 2776 in
830 2731 908 2792 saciat
924 2736 1012 2779 nostor
1030 2731 1192 2784 Daemones.
1212 2730 1292 2792 quasi
1311 2743 1352 2778 cx·

271 2807 335 2858 Aria
362 2808 530 2871 depannaoit.
587 2809 649 2857 dum
674 2812 793 2855 ornasset
832 2811 909 2868 cepto
923 2807 1055 2857 vocabulo
1072 2813 1161 2855 norror
1178 2820 1276 2857 err-ore
1293 2821 1350 2857 ser-

273 2886 428 2934 Tlrscidioia
449 2887 567 2934 comitem
587 2892 612 2935 ct
635 2886 794 2948 familiarem
831 2897 945 2943 vorum,
969 2886 996 2933 h.
1019 2884 1156 2934 taxone
1177 2886 1251 2947 volgi
1268 2887 1355 2935 liora*

272 2975 364 3018 mam,
385 2962 458 3010 illam
471 2965 793 3027 mummolenum
831 2961 898 3010 tium
915 2961 966 3010 sibi
979 2961 1171 3010 consociantis.
1202 2963 1275 3013 Malo
1290 2969 1351 3013 ante

264 3040 386 3102 nalaoil,
402 3053 541 3101 -parum
556 3037 655 3102 caulos]
677 3053 793 3102 opaenu·
831 3039 983 3106 Bentleium
1012 3051 1107 3088 omues
1132 3043 1158 3088 et
1187 3040 1352 3088 recentiores

275 3116 309 3164 lis
328 3121 354 3165 et
373 3116 489 3166 lacernis
510 3130 564 3166 nou
590 3118 653 3166 satis
675 3119 793 3166 munitos
832 3116 956 3166 nonnulli
982 3117 1195 3178 interpungunt:
1226 3118 1350 3166 invidias.

275 3193 387 3243 laedunt
399 3193 529 3255 frigora.»
558 3194 794 3256 Quemadmodum
830 3195 1104 3254 narentanorum,
1135 3208 1204 3257 qnae
1217 3187 1287 3244 rutio
1303 3195 1352 3244 uti·

272 3283 366 3328 arara,
393 3271 432 3320 sic
456 3271 538 3320 etiam
554 3273 671 3321 mordere
695 3273 728 3320 de
748 3271 793 3320 iri·
832 3283 884 3333 que
906 3272 989 3320 nimia
1011 3273 1141 3324 brevitate
1163 3273 1285 3323 taboret:
1314 3272 1353 3322 ni·

273 3361 339 3410 nora
356 3350 531 3411 usurpabant.
563 3349 680 3399 Martini.
700 3349 726 3408 s,
742 3349 791 3398 14:
832 3348 931 3398 mirum
949 3349 1075 3412 supplere
1095 3356 1247 3411 coguntur:
1275 3350 1353 3398 «sol-

219 3450 223 3455 ·
273 3439 327 3476 nc·
341 3426 486 3482 Mordeat
509 3432 534 3475 et
557 3433 673 3476 teneram
696 3427 794 3489 fortior
831 3427 922 3476 laetior
946 3439 997 3486 ego
1019 3426 1211 3477 luctuosum.»
1232 3427 1353 3490 Explica-

274 3515 344 3552 aara
358 3515 457 3552 mmor.
473 3527 504 3538 -·
516 3502 632 3566 limosa]
654 3517 740 3565 aquae
754 3504 793 3551 ni·
832 3505 897 3552 bant
909 3507 998 3552 eutem
1011 3505 1069 3554 vel:
1090 3501 1117 3566 1)
1133 3505 1294 3563 «Horatius,
1315 3505 1353 3551 in·

274 3579 313 3628 nu
338 3580 435 3628 sacrati
450 3581 566 3638 retinet,
588 3580 679 3630 sedin
701 3581 793 3629 huius·
832 3581 928 3642 quiunt
948 3581 1073 3630 scribae»
1105 3577 1240 3644 (precario
1262 3586 1353 3631 tamen

275 3656 349 3704 modi
368 3657 539 3712 sermonibus
557 3670 622 3706 sane
649 3658 708 3706 sinc
736 3658 793 3705 ullo
832 3659 884 3706 truc
898 3653 1032 3719 arcessiti)
1053 3659 1116 3720 «qui
1140 3660 1226 3708 nostri
1249 3658 1352 3707 ordinis

272 3733 448 3782 incommodo
464 3740 510 3784 aut
522 3735 791 3796 periculoalteriuszo
832 3738 859 3790 et
874 3734 926 3784 loci
939 3733 1042 3783 iuerat»
1065 3740 1116 3784 oet.
1137 3736 1180 3786 vel
1198 3733 1226 3798 d)
1248 3736 1288 3785 nsi
1306 3748 1354 3784 no-

275 3823 308 3858 ox
323 3809 486 3861 Terentiano
504 3811 551 3860 illo
568 3812 637 3860 Eun.
657 3811 681 3870 1,
696 3811 722 3868 2,
741 3811 791 3860 25:
832 3817 886 3862 ster
898 3813 1001 3860 amicus
1014 3812 1158 3864 Maecenas
1171 3826 1226 3862 una
1244 3825 1353 3862 mecum

274 3888 368 3936 Plenas
396 3891 525 3938 rimarum
548 3901 622 3947 rom,
650 3889 698 3936 lac
716 3894 794 3950 alnao
831 3890 909 3941 ludos
919 3893 1102 3951 spectaverat»
1116 3894 1184 3949 cet.;
1205 3903 1259 3952 qua
1273 3891 1354 3939 inra-

261 3965 336 4014 ,illac
344 3965 455 4031 patina.
489 3965 563 4012 flacc
576 3968 603 4012 et
614 3964 678 4013 latia
691 3970 791 4025 autem,
831 3969 904 4016 tione
918 3969 982 4017 satis
995 3981 1121 4030 perverso
1134 3969 1282 4020 Maecenas
1292 3979 1353 4018 ave·

274 4047 304 4093 ut
316 4041 362 4104 dt,
382 4043 648 4107 potentiorumcrant
658 4041 792 4106 colloquia
831 4044 870 4094 dit
889 4047 1005 4094 sectator
1027 4045 1144 4096 Horatii.
1189 4045 1351 4108 Plusquam·
