2916 4796
483 326 564 374 urs.
587 327 607 373 ι.
650 324 752 376 sumu.
775 325 832 376 xv.
1135 309 1214 379 det
1315 297 1316 305 ¹

131 458 187 530 Ad
211 485 301 530 mure
323 482 396 531 cum
418 471 513 548 veni,
535 482 734 556 generosum
757 467 791 532 et
813 470 888 532 lene
904 472 1053 553 requiro,
1094 491 1097 496 ·

132 585 231 664 Quod
252 601 352 651 curus
372 587 505 673 abiget,
527 586 709 670 quodcum
731 586 919 670 spedivite
943 592 1053 652 menet
1114 648 1119 656 .

131 702 170 768 In
193 723 302 769 venus
324 707 529 789 animumque
551 724 678 786 meum,
701 706 789 790 quod
812 709 918 770 verbe
940 709 1117 794 ministret,
1174 705 1215 764 2⁰

132 823 231 902 erod
251 842 303 888 me
326 826 482 890 Lucunuc
504 827 656 892 iuvenem
678 825 886 890 commendet
907 829 1041 892 nmicue.

134 937 279 1008 'tructus
299 949 374 1008 uter
396 946 509 1027 piures
530 946 679 1030 lepores,
700 949 776 1009 uter
798 945 917 1010 educet
939 963 1059 1030 cupreo,

133 1061 218 1127 Utro
241 1065 347 1150 magis
369 1067 479 1147 pisces
501 1067 535 1128 et
557 1063 694 1129 echinos
716 1083 862 1148 aequore
884 1067 1012 1146 celent,
1036 1083 1038 1088 ’

133 1181 275 1266 Pinguis
297 1187 332 1246 ut
345 1183 430 1248 >inde
453 1184 582 1247 domum
604 1185 728 1266 possim
750 1183 953 1269 Phaeaxque
975 1188 1118 1266 reverti,

133 1298 291 1365 Scribere
314 1306 347 1386 te
371 1305 481 1386 nobis,
504 1305 564 1367 tibi
585 1320 647 1366 nos
669 1301 852 1368 adcredere
874 1322 936 1387 pur
956 1311 1018 1369 est.
1175 1302 1216 1364 95

133 1419 306 1505 Maenius,
330 1426 365 1483 ut
387 1424 487 1486 rebus
509 1425 667 1486 maternis
688 1426 788 1506 utque
812 1425 961 1506 paternis
1157 1411 1160 1422 ¹

102 1610 107 1618 ,
133 1539 282 1604 Fortiter
304 1543 488 1624 absumptis
509 1543 656 1606 urbanus
678 1545 790 1626 coepit
811 1541 944 1622 heberi,
978 1621 982 1628 Ι
1004 1617 1008 1620 ,

185 1790 206 1836 1.
246 1786 623 1856 v.18.penioS·(nunb.)
661 1804 686 1840 v.
706 1791 930 1840 21.commendot
949 1793 976 1840 S.
1001 1789 1059 1853 (sed
1078 1801 1165 1842 rrronct
1184 1815 1217 1829 -s

133 1859 264 1905 ministret
283 1853 341 1918 bs.)

134 2063 312 2126 praeferende
335 2065 442 2114 ridetur
466 2066 543 2116 alteri
564 2060 656 2115 doleis.
694 2065 760 2116 καθ’
771 2060 906 2138 ἁλμυρὰν
923 2063 980 2117 ἅλα
1000 2067 1069 2117 Ναΐν
1082 2065 1139 2132 μὲν
1161 2065 1218 2119 ov‘n

133 2163 163 2180 ι-
181 2143 249 2191 stibii
265 2139 372 2202 moror]
401 2142 494 2192 «Viuo
512 2141 586 2192 iilius
605 2149 658 2192 tru·
695 2141 814 2202 ἴσαντι,
846 2143 917 2211 πεζᾷ
949 2143 972 2194 δ’
1001 2144 1218 2212 &cooperiuntur

134 2225 192 2271 cius
211 2234 274 2270 cum
300 2233 448 2282 aspernor,
480 2222 548 2270 nihii
570 2223 603 2270 de
625 2223 657 2270 iis
693 2219 794 2282 μόνον.
813 2243 848 2256 -
865 2217 983 2282 Pbceoc]
1003 2223 1070 2286 Epp.
1090 2225 1116 2284 1,
1132 2225 1216 2284 Md.

134 2305 160 2350 te
190 2302 354 2361 percontor;
391 2311 454 2348 num
489 2299 657 2362 propositum
696 2315 727 2332 ὁ·
756 2294 911 2359 adcredere]
945 2301 1080 2349 «credere
1110 2307 1219 2363 propter

133 2377 201 2426 mihi
222 2381 280 2435 est,
300 2377 361 2425 aliis
379 2389 461 2438 quam
482 2379 586 2439 asperis
604 2378 657 2427 iliis
695 2376 722 2424 id
740 2376 846 2437 ipsum,
869 2377 946 2440 quod
967 2382 994 2425 tu
1020 2378 1126 2428 sincere
1152 2381 1219 2428 mibi

133 2469 185 2504 uec
206 2455 285 2504 uelde
311 2455 452 2515 generosis
473 2455 521 2503 uti.
570 2455 658 2518 Atque
696 2464 813 2515 expones
838 2467 929 2502 rerum
959 2455 1067 2504 iliorum
1091 2461 1218 2506 statum.»

134 2535 163 2582 in
188 2533 289 2582 Sabino
313 2533 422 2594 quidem
448 2547 509 2582 meo
536 2534 656 2596 quiduis,
695 2531 813 2580 Verbum
831 2533 938 2580 estium
955 2533 1110 2582 Plautinum
1128 2531 1217 2596 (Asin.

133 2611 223 2662 omnis
240 2611 347 2670 generis
365 2611 439 2659 cibos
453 2623 484 2658 uc
498 2611 578 2670 rius,
599 2625 658 2673 per·
696 2609 721 2667 3,
736 2605 847 2671 3,.37.)‚
867 2609 1058 2659 Lucretianum
1078 2607 1115 2673 (3,
1130 2609 1217 2672 869),

133 2689 205 2739 ierre
222 2693 463 2750 possumpropter
480 2691 591 2748 sitirem,
612 2689 657 2751 qui
696 2687 852 2735 Tullianum
869 2689 903 2736 ed
920 2688 975 2738 Ati.
996 2689 1023 2744 lt,
1043 2690 1070 2738 2.

134 2767 341 2818 concoctionem
372 2767 461 2826 iurat,
493 2771 520 2816 et
550 2772 658 2829 propter
730 2765 843 2815 uri-2⁸.
855 2763 985 2828 Maenius]
998 2767 1066 2817 Cum
1080 2781 1109 2816 se
1122 2778 1171 2829 per
1181 2767 1220 2816 io-

133 2846 290 2908 irequentes
304 2845 353 2892 sub
370 2845 432 2894 divo
445 2844 656 2893 'ambulationem
696 2855 759 2891 cum
778 2849 807 2892 ut
825 2843 984 2894 deliciarum
1007 2846 1153 2894 admodum
1174 2858 1220 2894 cu·

134 2929 229 2973 contra
246 2935 295 2984 per
309 2923 438 2981 hiemem,
454 2933 516 2972 cum
530 2929 657 2984 mugitum
696 2921 789 2982 pidum
818 2935 849 2970 uc
874 2937 957 2986 prope
978 2924 1147 2973 luxuriosum
1175 2924 1221 2972 de·
1260 2981 1261 2984 Ἴ
1300 2947 1304 2952 ’

135 3003 188 3051 diei
210 3001 314 3064 purtem
335 3007 486 3063 contractus
502 3001 558 3064 ispo
578 2997 657 3063 (Epp.
697 3000 870 3062 scripsisset,
900 3002 1008 3052 subiicit
1037 3002 1155 3065 tepidum
1185 2999 1219 3050 de

135 3075 273 3142 1,7‚12.),
287 3079 380 3130 vinum
393 3091 544 3142 penerosom
558 3076 584 3140 (u
598 3079 658 3128 ioco
696 3077 805 3127 Maenio
828 3079 1078 3139 narratiunculam,
1099 3093 1151 3144 qua
1171 3079 1221 3128 de·

134 3153 244 3219 etrite)
265 3169 297 3206 uc
317 3157 370 3206 lene
394 3153 438 3220 (uh
461 3161 548 3207 aetate
570 3161 596 3206 et
618 3168 659 3206 sa·
697 3157 777 3204 iectet
805 3155 990 3206 Numonium:
1022 3159 1219 3217 «Nimirum»

136 3233 212 3298 pere)
233 3235 362 3296 requiro,
394 3235 466 3296 quod
487 3235 529 3284 rei
550 3245 659 3284 meeum
697 3234 800 3295 inquit,
830 3244 896 3294 nego
927 3247 987 3282 sum
1011 3247 1094 3297 prope
1123 3233 1219 3284 similis

135 3315 284 3376 apportabo
297 3313 390 3363 vel-ibi
404 3316 512 3375 quoque
525 3314 659 3374 reperiam
695 3311 798 3363 mocon
823 3311 940 3370 iilius,n.
953 3313 986 3360 de
1005 3325 1061 3374 quo
1079 3313 1141 3362 ride
1163 3311 1218 3361 Sui.

135 3392 163 3440 in
181 3391 236 3440 ciis
255 3376 366 3452 regione
383 3397 493 3449 natum,
513 3403 529 3440 a
548 3391 660 3454 propotu
698 3392 722 3449 1,
742 3391 767 3447 1,
783 3390 842 3437 101.
857 3394 884 3437 et
897 3390 922 3448 1,
936 3389 963 3448 3,
976 3389 1020 3438 m.
1040 3415 1074 3424 -
1094 3384 1220 3448 Fortiter]

135 3475 304 3531 empturus.»
326 3491 357 3504 -
376 3479 434 3516 curn
453 3479 496 3529 spe
513 3465 608 3528 dicits]
628 3467 661 3516 Ut
698 3471 816 3523 strenue,
837 3467 961 3529 impigre,
981 3467 1043 3516 κατ’
1057 3467 1219 3537 εἰρωνείαν.

136 3547 226 3596 soient
241 3547 311 3594 bene
329 3545 384 3607 poti
402 3546 563 3594 laetissimas
582 3537 676 3608 quas?
698 3546 807 3594 Aristoi.
828 3544 889 3594 Eth.
909 3545 935 3604 3,
955 3546 991 3594 9:
1025 3539 1221 3614 imon-op&

136 3638 188 3689 que
198 3637 260 3687 spos
270 3624 424 3684 concipere.
437 3647 468 3658 -
480 3624 602 3684 Quodms
610 3623 660 3671 Ln-
697 3621 857 3694 χρημάτων
865 3619 1021 3688 ἀποβολὴν
1033 3617 1221 3693 εὐθαρσῶς

135 3699 227 3764 cunae]
235 3702 330 3763 «Quod
340 3703 410 3752 sires
420 3705 536 3764 praestet
546 3702 660 3752 invene·
697 3697 828 3763 ἔχουσιν.
874 3701 949 3751 Pers.
967 3701 994 3760 b,
1014 3701 1067 3749 22:
1094 3701 1222 3749 bic-bono

135 3793 193 3832 rem
202 3787 230 3830 et
240 3771 351 3843 propter
362 3781 414 3828 boc
424 3769 535 3840 gratnm
544 3789 588 3830 me
601 3782 660 3830 red·
697 3781 771 3829 dente
788 3779 907 3830 &undio
923 3763 1106 3842 mopncni'mus
1117 3779 1222 3842 peropit

136 3858 321 3930 deteramus,
345 3863 374 3908 ut
395 3859 418 3906 si
441 3859 545 3909 iuvenis
568 3860 661 3907 etiem·
696 3867 772 3919 perer.
789 3879 818 3890 -
831 3853 961 3918 urbanos]
976 3850 1103 3916 ἀστεῖος,
1120 3852 1222 3924 εὐτρά-

136 3947 209 3988 nuuc
222 3947 341 3986 essem.»
358 3961 391 3972 -
404 3933 515 3998 robinus]
528 3934 659 3999 discripsi.
699 3935 927 3996 usiogsudicux,
948 3935 993 3996 qui
1012 3935 1068 3982 risu
1087 3933 1220 3998 movendo

136 4015 391 4080 Epicbunn.·opud
416 4013 515 4064 Athen.
545 4015 579 4074 3,
608 4014 660 4062 tit
698 4012 750 4060 sibi
784 4013 957 4062 contritum
981 4023 1089 4060 mensas
1116 4009 1219 4058 editum

135 4097 280 4166 Καρκίνον
296 4093 323 4143 ‘ir'
347 4091 437 4144 boos
459 4092 552 4155 ἐχῖνοὶ
573 4089 610 4151 θ’,
632 4091 662 4142 ot
699 4095 834 4152 peruret.»
871 4091 957 4139 Plsut.
977 4090 1054 4137 Trin.
1069 4089 1094 4146 1,
1109 4089 1136 4147 s,
1153 4086 1219 4136 1th
