<?xml version="1.0" encoding="UTF-8"?>
<!DOCTYPE html PUBLIC "-//W3C//DTD XHTML 1.0 Transitional//EN"
    "http://www.w3.org/TR/xhtml1/DTD/xhtml1-transitional.dtd">
<html xmlns="http://www.w3.org/1999/xhtml" xml:lang="en" lang="en">
 <head>
  <title>
</title>
<meta http-equiv="Content-Type" content="text/html;charset=utf-8" />
  <meta name='ocr-system' content='tesseract 3.04.00' />
  <meta name='ocr-capabilities' content='ocr_page ocr_carea ocr_par ocr_line ocrx_word'/>
</head>
<body>
  <div class='ocr_page' id='page_1' title='image "./qhoratiusflaccu01orelgoog/qhoratiusflaccu01orelgoog_0100.png"; bbox 0 0 2856 4782; ppageno 0'>
   <div class='ocr_carea' id='block_1_1' title="bbox 516 285 803 336">
    <p class='ocr_par' dir='ltr' id='par_1_1' title="bbox 516 285 803 336">
     <span class='ocr_line' id='line_1_1' title="bbox 516 285 803 336; baseline -0.003 -1"><span class='ocrx_word' id='word_1_1' title='bbox 516 289 580 335; x_wconf 76' lang='lat' dir='ltr'><strong>uta.</strong></span> <span class='ocrx_word' id='word_1_2' title='bbox 599 288 620 332; x_wconf 83' lang='lat' dir='ltr'><strong>l·</strong></span> <span class='ocrx_word' id='word_1_3' title='bbox 663 289 736 336; x_wconf 65' lang='lat' dir='ltr'><strong>SM.</strong></span> <span class='ocrx_word' id='word_1_4' title='bbox 759 285 803 336; x_wconf 82' lang='lat' dir='ltr'><strong>vi.</strong></span> 
     </span>
    </p>
   </div>
   <div class='ocr_carea' id='block_1_2' title="bbox 450 667 867 848">
    <p class='ocr_par' dir='ltr' id='par_1_2' title="bbox 450 667 867 848">
     <span class='ocr_line' id='line_1_2' title="bbox 450 667 867 848; baseline 0.005 -36"><span class='ocrx_word' id='word_1_5' title='bbox 450 667 723 848; x_wconf 79' lang='lat' dir='ltr'><strong>sarran</strong></span> <span class='ocrx_word' id='word_1_6' title='bbox 773 725 867 814; x_wconf 84' lang='lat' dir='ltr'><strong>vr.</strong></span> 
     </span>
    </p>
   </div>
   <div class='ocr_carea' id='block_1_3' title="bbox 107 1002 1085 1454">
    <p class='ocr_par' dir='ltr' id='par_1_3' title="bbox 107 1002 1085 1454">
     <span class='ocr_line' id='line_1_3' title="bbox 108 1002 1085 1092; baseline 0.002 -22"><span class='ocrx_word' id='word_1_7' title='bbox 108 1003 191 1070; x_wconf 90' lang='lat' dir='ltr'><strong>Non</strong></span> <span class='ocrx_word' id='word_1_8' title='bbox 212 1003 306 1089; x_wconf 86' lang='lat' dir='ltr'><strong>quia,</strong></span> <span class='ocrx_word' id='word_1_9' title='bbox 326 1002 527 1085; x_wconf 72' lang='lat' dir='ltr'><strong>Maecenate,</strong></span> <span class='ocrx_word' id='word_1_10' title='bbox 548 1004 717 1092; x_wconf 84' lang='lat' dir='ltr'><strong>Lydorum</strong></span> <span class='ocrx_word' id='word_1_11' title='bbox 740 1004 898 1092; x_wconf 89' lang='lat' dir='ltr'><strong>quidquid</strong></span> <span class='ocrx_word' id='word_1_12' title='bbox 920 1004 1085 1074; x_wconf 80' lang='lat' dir='ltr'><strong>Etruscos</strong></span> 
     </span>
     <span class='ocr_line' id='line_1_4' title="bbox 108 1107 1033 1222; baseline 0.003 -32"><span class='ocrx_word' id='word_1_13' title='bbox 108 1125 260 1191; x_wconf 89' lang='lat' dir='ltr'><strong>Incoluit</strong></span> <span class='ocrx_word' id='word_1_14' title='bbox 281 1124 381 1208; x_wconf 77' lang='lat' dir='ltr'><strong>linea,</strong></span> <span class='ocrx_word' id='word_1_15' title='bbox 402 1107 498 1190; x_wconf 88' lang='lat' dir='ltr'><strong>nemo</strong></span> <span class='ocrx_word' id='word_1_16' title='bbox 519 1127 719 1214; x_wconf 79' lang='lat' dir='ltr'><strong>generosior</strong></span> <span class='ocrx_word' id='word_1_17' title='bbox 741 1129 794 1192; x_wconf 89' lang='lat' dir='ltr'><strong>est</strong></span> <span class='ocrx_word' id='word_1_18' title='bbox 815 1129 868 1212; x_wconf 88' lang='lat' dir='ltr'><strong>te,</strong></span> <span class='ocrx_word' id='word_1_19' title='bbox 1026 1209 1033 1222; x_wconf 25' lang='grc' dir='ltr'>ι</span> 
     </span>
     <span class='ocr_line' id='line_1_5' title="bbox 107 1244 1084 1333; baseline 0.001 -22"><span class='ocrx_word' id='word_1_20' title='bbox 107 1245 186 1311; x_wconf 88' lang='lat' dir='ltr'><strong>Nee</strong></span> <span class='ocrx_word' id='word_1_21' title='bbox 207 1244 297 1331; x_wconf 86' lang='lat' dir='ltr'><strong>qnod</strong></span> <span class='ocrx_word' id='word_1_22' title='bbox 319 1263 405 1310; x_wconf 83' lang='lat' dir='ltr'><strong>avus</strong></span> <span class='ocrx_word' id='word_1_23' title='bbox 425 1246 486 1311; x_wconf 87' lang='lat' dir='ltr'><strong>tibi</strong></span> <span class='ocrx_word' id='word_1_24' title='bbox 509 1249 678 1312; x_wconf 86' lang='lat' dir='ltr'><strong>maternus</strong></span> <span class='ocrx_word' id='word_1_25' title='bbox 699 1247 762 1311; x_wconf 86' lang='lat' dir='ltr'><strong>luit</strong></span> <span class='ocrx_word' id='word_1_26' title='bbox 784 1250 884 1333; x_wconf 88' lang='lat' dir='ltr'><strong>atque</strong></span> <span class='ocrx_word' id='word_1_27' title='bbox 907 1252 1084 1332; x_wconf 87' lang='lat' dir='ltr'><strong>paternus,</strong></span> 
     </span>
     <span class='ocr_line' id='line_1_6' title="bbox 110 1363 910 1454; baseline 0.001 -24"><span class='ocrx_word' id='word_1_28' title='bbox 110 1363 201 1431; x_wconf 85' lang='lat' dir='ltr'><strong>(llim</strong></span> <span class='ocrx_word' id='word_1_29' title='bbox 224 1367 280 1450; x_wconf 88' lang='lat' dir='ltr'><strong>qni</strong></span> <span class='ocrx_word' id='word_1_30' title='bbox 302 1367 431 1454; x_wconf 84' lang='lat' dir='ltr'><strong>magnis</strong></span> <span class='ocrx_word' id='word_1_31' title='bbox 452 1366 642 1454; x_wconf 77' lang='lat' dir='ltr'><strong>legionibus</strong></span> <span class='ocrx_word' id='word_1_32' title='bbox 663 1368 910 1451; x_wconf 79' lang='lat' dir='ltr'><strong>imperitarent,</strong></span> 
     </span>
    </p>
   </div>
   <div class='ocr_carea' id='block_1_4' title="bbox 163 1547 1043 1622">
    <p class='ocr_par' dir='ltr' id='par_1_4' title="bbox 163 1547 1043 1622">
     <span class='ocr_line' id='line_1_7' title="bbox 163 1547 1043 1622; baseline 0.002 -14"><span class='ocrx_word' id='word_1_33' title='bbox 163 1559 187 1608; x_wconf 89' lang='lat' dir='ltr'><strong>l.</strong></span> <span class='ocrx_word' id='word_1_34' title='bbox 225 1547 281 1608; x_wconf 77' lang='lat' dir='ltr'><strong>sa.</strong></span> <span class='ocrx_word' id='word_1_35' title='bbox 301 1558 348 1608; x_wconf 83' lang='lat' dir='ltr'><strong>Vl.</strong></span> <span class='ocrx_word' id='word_1_36' title='bbox 385 1573 412 1610; x_wconf 86' lang='lat' dir='ltr'><strong>v.</strong></span> <span class='ocrx_word' id='word_1_37' title='bbox 430 1558 458 1608; x_wconf 73' lang='lat' dir='ltr'><strong>l.</strong></span> <span class='ocrx_word' id='word_1_38' title='bbox 477 1557 675 1622; x_wconf 78' lang='lat' dir='ltr'><strong>imperitarent]</strong></span> <span class='ocrx_word' id='word_1_39' title='bbox 697 1561 742 1611; x_wconf 87' lang='lat' dir='ltr'><strong>bS.</strong></span> <span class='ocrx_word' id='word_1_40' title='bbox 761 1561 942 1622; x_wconf 83' lang='lat' dir='ltr'><strong>imperitorint</strong></span> <span class='ocrx_word' id='word_1_41' title='bbox 960 1573 985 1612; x_wconf 91' lang='lat' dir='ltr'><strong>c.</strong></span> <span class='ocrx_word' id='word_1_42' title='bbox 1004 1560 1043 1612; x_wconf 92' lang='lat' dir='ltr'><strong>M.</strong></span> 
     </span>
    </p>
   </div>
   <div class='ocr_carea' id='block_1_5' title="bbox 109 1663 1195 1798">
    <p class='ocr_par' dir='ltr' id='par_1_5' title="bbox 109 1663 1195 1798">
     <span class='ocr_line' id='line_1_8' title="bbox 149 1663 1195 1730; baseline 0.005 -17"><span class='ocrx_word' id='word_1_43' title='bbox 149 1665 189 1714; x_wconf 87' lang='lat'><strong>11.</strong></span> <span class='ocrx_word' id='word_1_44' title='bbox 227 1665 284 1714; x_wconf 85' lang='lat' dir='ltr'><strong>Sat.</strong></span> <span class='ocrx_word' id='word_1_45' title='bbox 303 1663 351 1714; x_wconf 84' lang='lat' dir='ltr'><strong>VI.</strong></span> <span class='ocrx_word' id='word_1_46' title='bbox 388 1679 415 1714; x_wconf 87' lang='lat' dir='ltr'><strong>v.</strong></span> <span class='ocrx_word' id='word_1_47' title='bbox 434 1664 461 1714; x_wconf 79' lang='lat' dir='ltr'><strong>ll.</strong></span> <span class='ocrx_word' id='word_1_48' title='bbox 481 1665 629 1730; x_wconf 75' lang='lat' dir='ltr'><strong>ropionibus</strong></span> <span class='ocrx_word' id='word_1_49' title='bbox 648 1679 663 1716; x_wconf 87' lang='lat' dir='ltr'><strong>e</strong></span> <span class='ocrx_word' id='word_1_50' title='bbox 682 1666 747 1717; x_wconf 86' lang='lat' dir='ltr'><strong>ctd.</strong></span> <span class='ocrx_word' id='word_1_51' title='bbox 766 1667 796 1716; x_wconf 83' lang='lat' dir='ltr'><strong>F.</strong></span> <span class='ocrx_word' id='word_1_52' title='bbox 829 1666 898 1716; x_wconf 88' lang='lat' dir='ltr'><strong>Ibid.</strong></span> <span class='ocrx_word' id='word_1_53' title='bbox 921 1667 1101 1729; x_wconf 80' lang='lat' dir='ltr'><strong>imperitonint</strong></span> <span class='ocrx_word' id='word_1_54' title='bbox 1119 1666 1195 1718; x_wconf 87' lang='lat' dir='ltr'><strong>LCT.</strong></span> 
     </span>
     <span class='ocr_line' id='line_1_9' title="bbox 109 1733 486 1798; baseline -0.003 -13"><span class='ocrx_word' id='word_1_55' title='bbox 109 1736 299 1798; x_wconf 68' lang='lat' dir='ltr'><strong>imperitarunt</strong></span> <span class='ocrx_word' id='word_1_56' title='bbox 317 1747 333 1784; x_wconf 88' lang='lat' dir='ltr'><strong>c</strong></span> <span class='ocrx_word' id='word_1_57' title='bbox 352 1733 435 1786; x_wconf 83' lang='lat' dir='ltr'><strong>Codd.</strong></span> <span class='ocrx_word' id='word_1_58' title='bbox 455 1735 486 1784; x_wconf 79' lang='lat' dir='ltr'><strong>F.</strong></span> 
     </span>
    </p>
   </div>
   <div class='ocr_carea' id='block_1_6' title="bbox 108 1896 1196 3375">
    <p class='ocr_par' dir='ltr' id='par_1_6' title="bbox 108 1896 1196 3375">
     <span class='ocr_line' id='line_1_10' title="bbox 143 1896 1196 1960; baseline 0.003 -15"><span class='ocrx_word' id='word_1_59' title='bbox 143 1896 192 1945; x_wconf 81' lang='lat' dir='ltr'><strong>Vl.</strong></span> <span class='ocrx_word' id='word_1_60' title='bbox 222 1896 350 1946; x_wconf 82' lang='lat' dir='ltr'><strong>Horatius</strong></span> <span class='ocrx_word' id='word_1_61' title='bbox 364 1899 505 1959; x_wconf 81' lang='lat' dir='ltr'><strong>postquam</strong></span> <span class='ocrx_word' id='word_1_62' title='bbox 519 1901 546 1946; x_wconf 88' lang='lat' dir='ltr'><strong>et</strong></span> <span class='ocrx_word' id='word_1_63' title='bbox 557 1896 636 1946; x_wconf 88' lang='lat' dir='ltr'><strong>lami·</strong></span> <span class='ocrx_word' id='word_1_64' title='bbox 674 1898 845 1960; x_wconf 83' lang='lat' dir='ltr'><strong>sibimetipsi</strong></span> <span class='ocrx_word' id='word_1_65' title='bbox 858 1898 968 1959; x_wconf 84' lang='lat' dir='ltr'><strong>debuit,</strong></span> <span class='ocrx_word' id='word_1_66' title='bbox 981 1901 1010 1948; x_wconf 89' lang='lat' dir='ltr'><strong>nt</strong></span> <span class='ocrx_word' id='word_1_67' title='bbox 1023 1899 1126 1950; x_wconf 83' lang='lat' dir='ltr'><strong>civibus</strong></span> <span class='ocrx_word' id='word_1_68' title='bbox 1140 1899 1196 1948; x_wconf 85' lang='lat' dir='ltr'><strong>suis</strong></span> 
     </span>
     <span class='ocr_line' id='line_1_11' title="bbox 110 1973 1195 2040; baseline 0.001 -15"><span class='ocrx_word' id='word_1_69' title='bbox 110 1976 244 2032; x_wconf 86' lang='lat' dir='ltr'><strong>ilaritate,</strong></span> <span class='ocrx_word' id='word_1_70' title='bbox 281 1987 363 2038; x_wconf 62' lang='lat' dir='ltr'><strong>mam</strong></span> <span class='ocrx_word' id='word_1_71' title='bbox 388 1989 449 2024; x_wconf 90' lang='lat' dir='ltr'><strong>cum</strong></span> <span class='ocrx_word' id='word_1_72' title='bbox 478 1973 636 2025; x_wconf 77' lang='lat' dir='ltr'><strong>Maecenate</strong></span> <span class='ocrx_word' id='word_1_73' title='bbox 674 1979 885 2034; x_wconf 87' lang='lat' dir='ltr'><strong>demonstraret,</strong></span> <span class='ocrx_word' id='word_1_74' title='bbox 915 1991 968 2040; x_wconf 89' lang='lat' dir='ltr'><strong>qua</strong></span> <span class='ocrx_word' id='word_1_75' title='bbox 994 1979 1100 2027; x_wconf 85' lang='lat' dir='ltr'><strong>ratione</strong></span> <span class='ocrx_word' id='word_1_76' title='bbox 1122 1978 1195 2028; x_wconf 87' lang='lat' dir='ltr'><strong>Mae-</strong></span> 
     </span>
     <span class='ocr_line' id='line_1_12' title="bbox 110 2053 1194 2116; baseline -0.002 -11"><span class='ocrx_word' id='word_1_77' title='bbox 110 2055 236 2110; x_wconf 82' lang='lat' dir='ltr'><strong>habebat,</strong></span> <span class='ocrx_word' id='word_1_78' title='bbox 249 2053 422 2103; x_wconf 87' lang='lat' dir='ltr'><strong>etLuciliano</strong></span> <span class='ocrx_word' id='word_1_79' title='bbox 434 2053 578 2104; x_wconf 83' lang='lat' dir='ltr'><strong>satirarum</strong></span> <span class='ocrx_word' id='word_1_80' title='bbox 592 2067 636 2116; x_wconf 77' lang='lat' dir='ltr'><strong>ge·</strong></span> <span class='ocrx_word' id='word_1_81' title='bbox 674 2056 775 2106; x_wconf 85' lang='lat' dir='ltr'><strong>conatis</strong></span> <span class='ocrx_word' id='word_1_82' title='bbox 788 2056 936 2104; x_wconf 87' lang='lat' dir='ltr'><strong>amicitiam</strong></span> <span class='ocrx_word' id='word_1_83' title='bbox 949 2055 1000 2104; x_wconf 78' lang='lat' dir='ltr'><strong>stet</strong></span> <span class='ocrx_word' id='word_1_84' title='bbox 1013 2055 1194 2114; x_wconf 82' lang='lat' dir='ltr'><strong>conciliasset,</strong></span> 
     </span>
     <span class='ocr_line' id='line_1_13' title="bbox 110 2131 1195 2196; baseline -0.003 -14"><span class='ocrx_word' id='word_1_85' title='bbox 110 2147 176 2184; x_wconf 91' lang='lat' dir='ltr'><strong>nere</strong></span> <span class='ocrx_word' id='word_1_86' title='bbox 201 2133 293 2182; x_wconf 89' lang='lat' dir='ltr'><strong>denuo</strong></span> <span class='ocrx_word' id='word_1_87' title='bbox 314 2135 428 2182; x_wconf 89' lang='lat' dir='ltr'><strong>tractato</strong></span> <span class='ocrx_word' id='word_1_88' title='bbox 454 2131 635 2181; x_wconf 78' lang='lat' dir='ltr'><strong>multitudinis</strong></span> <span class='ocrx_word' id='word_1_89' title='bbox 673 2139 700 2184; x_wconf 86' lang='lat' dir='ltr'><strong>et</strong></span> <span class='ocrx_word' id='word_1_90' title='bbox 721 2147 801 2196; x_wconf 88' lang='lat' dir='ltr'><strong>quam</strong></span> <span class='ocrx_word' id='word_1_91' title='bbox 819 2133 932 2182; x_wconf 90' lang='lat' dir='ltr'><strong>minime</strong></span> <span class='ocrx_word' id='word_1_92' title='bbox 950 2145 982 2182; x_wconf 86' lang='lat' dir='ltr'><strong>ea</strong></span> <span class='ocrx_word' id='word_1_93' title='bbox 1001 2133 1036 2182; x_wconf 89' lang='lat' dir='ltr'><strong>ad</strong></span> <span class='ocrx_word' id='word_1_94' title='bbox 1054 2131 1195 2194; x_wconf 81' lang='lat' dir='ltr'><strong>splendida</strong></span> 
     </span>
     <span class='ocr_line' id='line_1_14' title="bbox 111 2210 1194 2273; baseline -0.004 -11"><span class='ocrx_word' id='word_1_95' title='bbox 111 2214 138 2262; x_wconf 91' lang='lat' dir='ltr'><strong>in</strong></span> <span class='ocrx_word' id='word_1_96' title='bbox 150 2225 180 2262; x_wconf 90' lang='lat' dir='ltr'><strong>se</strong></span> <span class='ocrx_word' id='word_1_97' title='bbox 193 2213 289 2262; x_wconf 88' lang='lat' dir='ltr'><strong>oeulos</strong></span> <span class='ocrx_word' id='word_1_98' title='bbox 302 2215 486 2271; x_wconf 78' lang='lat' dir='ltr'><strong>converterat,</strong></span> <span class='ocrx_word' id='word_1_99' title='bbox 506 2210 566 2260; x_wconf 86' lang='lat' dir='ltr'><strong>lieri</strong></span> <span class='ocrx_word' id='word_1_100' title='bbox 580 2224 634 2260; x_wconf 92' lang='lat' dir='ltr'><strong>non</strong></span> <span class='ocrx_word' id='word_1_101' title='bbox 674 2213 701 2261; x_wconf 93' lang='lat' dir='ltr'><strong>in</strong></span> <span class='ocrx_word' id='word_1_102' title='bbox 730 2225 760 2260; x_wconf 88' lang='lat' dir='ltr'><strong>re</strong></span> <span class='ocrx_word' id='word_1_103' title='bbox 786 2212 894 2273; x_wconf 89' lang='lat' dir='ltr'><strong>publiea</strong></span> <span class='ocrx_word' id='word_1_104' title='bbox 923 2223 1038 2260; x_wconf 87' lang='lat' dir='ltr'><strong>munera</strong></span> <span class='ocrx_word' id='word_1_105' title='bbox 1061 2210 1194 2272; x_wconf 86' lang='lat' dir='ltr'><strong>captanda</strong></span> 
     </span>
     <span class='ocr_line' id='line_1_15' title="bbox 112 2289 1195 2355; baseline -0.002 -15"><span class='ocrx_word' id='word_1_106' title='bbox 112 2291 207 2355; x_wconf 91' lang='lat' dir='ltr'><strong>potuit,</strong></span> <span class='ocrx_word' id='word_1_107' title='bbox 219 2291 296 2353; x_wconf 85' lang='lat' dir='ltr'><strong>quin,</strong></span> <span class='ocrx_word' id='word_1_108' title='bbox 308 2303 371 2338; x_wconf 87' lang='lat' dir='ltr'><strong>eum</strong></span> <span class='ocrx_word' id='word_1_109' title='bbox 381 2289 490 2339; x_wconf 88' lang='lat' dir='ltr'><strong>nonnisi</strong></span> <span class='ocrx_word' id='word_1_110' title='bbox 504 2301 634 2352; x_wconf 88' lang='lat' dir='ltr'><strong>perquam</strong></span> <span class='ocrx_word' id='word_1_111' title='bbox 673 2291 746 2339; x_wconf 85' lang='lat' dir='ltr'><strong>abuti</strong></span> <span class='ocrx_word' id='word_1_112' title='bbox 767 2290 859 2341; x_wconf 87' lang='lat' dir='ltr'><strong>vellet.</strong></span> <span class='ocrx_word' id='word_1_113' title='bbox 896 2289 984 2338; x_wconf 81' lang='lat' dir='ltr'><strong>Etiam</strong></span> <span class='ocrx_word' id='word_1_114' title='bbox 1005 2290 1058 2338; x_wconf 92' lang='lat' dir='ltr'><strong>hoe</strong></span> <span class='ocrx_word' id='word_1_115' title='bbox 1079 2289 1195 2351; x_wconf 85' lang='lat' dir='ltr'><strong>pruden-</strong></span> 
     </span>
     <span class='ocr_line' id='line_1_16' title="bbox 110 2367 1196 2433; baseline -0.003 -14"><span class='ocrx_word' id='word_1_116' title='bbox 110 2371 189 2433; x_wconf 88' lang='lat' dir='ltr'><strong>pauci</strong></span> <span class='ocrx_word' id='word_1_117' title='bbox 215 2373 262 2418; x_wconf 89' lang='lat' dir='ltr'><strong>aut</strong></span> <span class='ocrx_word' id='word_1_118' title='bbox 284 2369 373 2431; x_wconf 86' lang='lat' dir='ltr'><strong>ipsum</strong></span> <span class='ocrx_word' id='word_1_119' title='bbox 397 2372 444 2417; x_wconf 90' lang='lat' dir='ltr'><strong>aut</strong></span> <span class='ocrx_word' id='word_1_120' title='bbox 467 2367 634 2418; x_wconf 78' lang='lat' dir='ltr'><strong>Maecenatis</strong></span> <span class='ocrx_word' id='word_1_121' title='bbox 672 2367 775 2417; x_wconf 81' lang='lat' dir='ltr'><strong>tissime</strong></span> <span class='ocrx_word' id='word_1_122' title='bbox 795 2367 875 2427; x_wconf 88' lang='lat' dir='ltr'><strong>lecit,</strong></span> <span class='ocrx_word' id='word_1_123' title='bbox 907 2368 979 2429; x_wconf 88' lang='lat' dir='ltr'><strong>quod</strong></span> <span class='ocrx_word' id='word_1_124' title='bbox 1000 2368 1034 2416; x_wconf 91' lang='lat' dir='ltr'><strong>ad</strong></span> <span class='ocrx_word' id='word_1_125' title='bbox 1054 2367 1196 2419; x_wconf 86' lang='lat' dir='ltr'><strong>Maecena·</strong></span> 
     </span>
     <span class='ocr_line' id='line_1_17' title="bbox 111 2445 1195 2508; baseline -0.004 -10"><span class='ocrx_word' id='word_1_126' title='bbox 111 2449 138 2499; x_wconf 91' lang='lat' dir='ltr'><strong>in</strong></span> <span class='ocrx_word' id='word_1_127' title='bbox 159 2461 222 2496; x_wconf 88' lang='lat' dir='ltr'><strong>eam</strong></span> <span class='ocrx_word' id='word_1_128' title='bbox 239 2447 363 2498; x_wconf 89' lang='lat' dir='ltr'><strong>animum</strong></span> <span class='ocrx_word' id='word_1_129' title='bbox 379 2446 530 2495; x_wconf 88' lang='lat' dir='ltr'><strong>accuratius</strong></span> <span class='ocrx_word' id='word_1_130' title='bbox 554 2447 635 2495; x_wconf 90' lang='lat' dir='ltr'><strong>intro·</strong></span> <span class='ocrx_word' id='word_1_131' title='bbox 672 2452 727 2496; x_wconf 90' lang='lat' dir='ltr'><strong>tem</strong></span> <span class='ocrx_word' id='word_1_132' title='bbox 768 2445 937 2508; x_wconf 89' lang='lat' dir='ltr'><strong>potissimum</strong></span> <span class='ocrx_word' id='word_1_133' title='bbox 975 2445 1047 2494; x_wconf 87' lang='lat' dir='ltr'><strong>hanc</strong></span> <span class='ocrx_word' id='word_1_134' title='bbox 1085 2446 1195 2494; x_wconf 87' lang='lat' dir='ltr'><strong>satiram</strong></span> 
     </span>
     <span class='ocr_line' id='line_1_18' title="bbox 111 2523 1195 2589; baseline -0.006 -13"><span class='ocrx_word' id='word_1_135' title='bbox 111 2527 260 2589; x_wconf 87' lang='lat' dir='ltr'><strong>spicerent,</strong></span> <span class='ocrx_word' id='word_1_136' title='bbox 281 2525 561 2588; x_wconf 85' lang='lat' dir='ltr'><strong>aplurimisunuser</strong></span> <span class='ocrx_word' id='word_1_137' title='bbox 579 2524 635 2575; x_wconf 84' lang='lat' dir='ltr'><strong>vol·</strong></span> <span class='ocrx_word' id='word_1_138' title='bbox 672 2523 788 2586; x_wconf 86' lang='lat' dir='ltr'><strong>scripsit.</strong></span> <span class='ocrx_word' id='word_1_139' title='bbox 832 2523 872 2571; x_wconf 92' lang='lat' dir='ltr'><strong>lta</strong></span> <span class='ocrx_word' id='word_1_140' title='bbox 905 2523 979 2571; x_wconf 86' lang='lat' dir='ltr'><strong>enim</strong></span> <span class='ocrx_word' id='word_1_141' title='bbox 1015 2527 1041 2571; x_wconf 90' lang='lat' dir='ltr'><strong>et</strong></span> <span class='ocrx_word' id='word_1_142' title='bbox 1068 2523 1195 2571; x_wconf 87' lang='lat' dir='ltr'><strong>omnibus</strong></span> 
     </span>
     <span class='ocr_line' id='line_1_19' title="bbox 111 2599 1195 2668; baseline -0.006 -13"><span class='ocrx_word' id='word_1_143' title='bbox 111 2607 218 2668; x_wconf 71' lang='lat' dir='ltr'><strong>guribus</strong></span> <span class='ocrx_word' id='word_1_144' title='bbox 232 2605 287 2655; x_wconf 88' lang='lat' dir='ltr'><strong>illis</strong></span> <span class='ocrx_word' id='word_1_145' title='bbox 301 2605 425 2654; x_wconf 79' lang='lat' dir='ltr'><strong>fortunae</strong></span> <span class='ocrx_word' id='word_1_146' title='bbox 441 2603 505 2653; x_wconf 87' lang='lat' dir='ltr'><strong>lillis</strong></span> <span class='ocrx_word' id='word_1_147' title='bbox 522 2603 634 2653; x_wconf 83' lang='lat' dir='ltr'><strong>habere·</strong></span> <span class='ocrx_word' id='word_1_148' title='bbox 672 2617 741 2667; x_wconf 88' lang='lat' dir='ltr'><strong>quae</strong></span> <span class='ocrx_word' id='word_1_149' title='bbox 762 2606 855 2651; x_wconf 83' lang='lat' dir='ltr'><strong>namat</strong></span> <span class='ocrx_word' id='word_1_150' title='bbox 885 2613 917 2650; x_wconf 90' lang='lat' dir='ltr'><strong>eo</strong></span> <span class='ocrx_word' id='word_1_151' title='bbox 945 2600 1087 2650; x_wconf 85' lang='lat' dir='ltr'><strong>certiorem</strong></span> <span class='ocrx_word' id='word_1_152' title='bbox 1112 2599 1195 2648; x_wconf 87' lang='lat' dir='ltr'><strong>fldem</strong></span> 
     </span>
     <span class='ocr_line' id='line_1_20' title="bbox 111 2677 1196 2748; baseline -0.006 -15"><span class='ocrx_word' id='word_1_153' title='bbox 111 2686 165 2746; x_wconf 89' lang='lat' dir='ltr'><strong>tur,</strong></span> <span class='ocrx_word' id='word_1_154' title='bbox 186 2684 283 2748; x_wconf 88' lang='lat' dir='ltr'><strong>quales</strong></span> <span class='ocrx_word' id='word_1_155' title='bbox 305 2688 365 2746; x_wconf 90' lang='lat' dir='ltr'><strong>post</strong></span> <span class='ocrx_word' id='word_1_156' title='bbox 383 2683 504 2734; x_wconf 79' lang='lat' dir='ltr'><strong>civilium</strong></span> <span class='ocrx_word' id='word_1_157' title='bbox 523 2695 635 2732; x_wconf 78' lang='lat' dir='ltr'><strong>conver·</strong></span> <span class='ocrx_word' id='word_1_158' title='bbox 672 2681 817 2741; x_wconf 88' lang='lat' dir='ltr'><strong>conciliat,</strong></span> <span class='ocrx_word' id='word_1_159' title='bbox 838 2684 864 2729; x_wconf 90' lang='lat' dir='ltr'><strong>et</strong></span> <span class='ocrx_word' id='word_1_160' title='bbox 876 2679 989 2730; x_wconf 87' lang='lat' dir='ltr'><strong>nimiam</strong></span> <span class='ocrx_word' id='word_1_161' title='bbox 1003 2679 1101 2728; x_wconf 90' lang='lat' dir='ltr'><strong>summi</strong></span> <span class='ocrx_word' id='word_1_162' title='bbox 1114 2677 1196 2727; x_wconf 87' lang='lat' dir='ltr'><strong>amici</strong></span> 
     </span>
     <span class='ocr_line' id='line_1_21' title="bbox 111 2757 1196 2822; baseline -0.005 -11"><span class='ocrx_word' id='word_1_163' title='bbox 111 2763 218 2812; x_wconf 74' lang='lat' dir='ltr'><strong>tionum</strong></span> <span class='ocrx_word' id='word_1_164' title='bbox 236 2763 330 2810; x_wconf 84' lang='lat' dir='ltr'><strong>turbas</strong></span> <span class='ocrx_word' id='word_1_165' title='bbox 349 2765 376 2810; x_wconf 87' lang='lat' dir='ltr'><strong>et</strong></span> <span class='ocrx_word' id='word_1_166' title='bbox 393 2760 634 2810; x_wconf 87' lang='lat' dir='ltr'><strong>inhaonobilissi-</strong></span> <span class='ocrx_word' id='word_1_167' title='bbox 671 2761 874 2819; x_wconf 84' lang='lat' dir='ltr'><strong>laudationem,</strong></span> <span class='ocrx_word' id='word_1_168' title='bbox 907 2759 935 2808; x_wconf 91' lang='lat' dir='ltr'><strong>in</strong></span> <span class='ocrx_word' id='word_1_169' title='bbox 960 2771 1042 2822; x_wconf 87' lang='lat' dir='ltr'><strong>qnam</strong></span> <span class='ocrx_word' id='word_1_170' title='bbox 1074 2757 1196 2820; x_wconf 87' lang='lat' dir='ltr'><strong>alioquin</strong></span> 
     </span>
     <span class='ocr_line' id='line_1_22' title="bbox 110 2835 1196 2901; baseline -0.005 -12"><span class='ocrx_word' id='word_1_171' title='bbox 110 2853 215 2889; x_wconf 86' lang='lat' dir='ltr'><strong>marum</strong></span> <span class='ocrx_word' id='word_1_172' title='bbox 232 2839 400 2889; x_wconf 83' lang='lat' dir='ltr'><strong>familiarum</strong></span> <span class='ocrx_word' id='word_1_173' title='bbox 416 2839 496 2888; x_wconf 86' lang='lat' dir='ltr'><strong>ruina</strong></span> <span class='ocrx_word' id='word_1_174' title='bbox 511 2851 527 2886; x_wconf 89' lang='lat' dir='ltr'><strong>a</strong></span> <span class='ocrx_word' id='word_1_175' title='bbox 543 2839 635 2889; x_wconf 86' lang='lat' dir='ltr'><strong>eivita-</strong></span> <span class='ocrx_word' id='word_1_176' title='bbox 672 2843 799 2891; x_wconf 84' lang='lat' dir='ltr'><strong>aberrare</strong></span> <span class='ocrx_word' id='word_1_177' title='bbox 817 2842 937 2901; x_wconf 87' lang='lat' dir='ltr'><strong>poterat,</strong></span> <span class='ocrx_word' id='word_1_178' title='bbox 957 2836 1112 2886; x_wconf 77' lang='lat' dir='ltr'><strong>felicissime</strong></span> <span class='ocrx_word' id='word_1_179' title='bbox 1130 2835 1196 2886; x_wconf 86' lang='lat' dir='ltr'><strong>eliu·</strong></span> 
     </span>
     <span class='ocr_line' id='line_1_23' title="bbox 110 2911 1196 2983; baseline -0.004 -16"><span class='ocrx_word' id='word_1_180' title='bbox 110 2919 143 2967; x_wconf 88' lang='lat' dir='ltr'><strong>tis</strong></span> <span class='ocrx_word' id='word_1_181' title='bbox 165 2918 283 2967; x_wconf 90' lang='lat' dir='ltr'><strong>dominis</strong></span> <span class='ocrx_word' id='word_1_182' title='bbox 306 2922 353 2966; x_wconf 89' lang='lat' dir='ltr'><strong>aut</strong></span> <span class='ocrx_word' id='word_1_183' title='bbox 372 2929 563 2979; x_wconf 84' lang='lat' dir='ltr'><strong>oppressarum</strong></span> <span class='ocrx_word' id='word_1_184' title='bbox 588 2920 634 2965; x_wconf 83' lang='lat' dir='ltr'><strong>aut</strong></span> <span class='ocrx_word' id='word_1_185' title='bbox 673 2920 720 2983; x_wconf 82' lang='lat' dir='ltr'><strong>git.</strong></span> <span class='ocrx_word' id='word_1_186' title='bbox 759 2918 829 2968; x_wconf 73' lang='lat' dir='ltr'><strong>Zure</strong></span> <span class='ocrx_word' id='word_1_187' title='bbox 849 2930 879 2966; x_wconf 83' lang='lat' dir='ltr'><strong>ex</strong></span> <span class='ocrx_word' id='word_1_188' title='bbox 900 2916 1002 2967; x_wconf 80' lang='lat' dir='ltr'><strong>Hanno.</strong></span> <span class='ocrx_word' id='word_1_189' title='bbox 1024 2911 1140 2978; x_wconf 83' lang='lat' dir='ltr'><strong>(Scripta</strong></span> <span class='ocrx_word' id='word_1_190' title='bbox 1157 2914 1196 2966; x_wconf 86' lang='lat' dir='ltr'><strong>vi·</strong></span> 
     </span>
     <span class='ocr_line' id='line_1_24' title="bbox 111 2991 983 3060; baseline -0.002 -14"><span class='ocrx_word' id='word_1_191' title='bbox 111 2998 204 3060; x_wconf 87' lang='lat' dir='ltr'><strong>opibus</strong></span> <span class='ocrx_word' id='word_1_192' title='bbox 214 2997 405 3046; x_wconf 85' lang='lat' dir='ltr'><strong>destitutarum</strong></span> <span class='ocrx_word' id='word_1_193' title='bbox 418 2996 509 3058; x_wconf 85' lang='lat' dir='ltr'><strong>amplo</strong></span> <span class='ocrx_word' id='word_1_194' title='bbox 519 3008 634 3044; x_wconf 91' lang='lat' dir='ltr'><strong>numero</strong></span> <span class='ocrx_word' id='word_1_195' title='bbox 673 3000 752 3049; x_wconf 90' lang='lat' dir='ltr'><strong>detur</strong></span> <span class='ocrx_word' id='word_1_196' title='bbox 769 3009 795 3045; x_wconf 85' lang='lat' dir='ltr'><strong>a.</strong></span> <span class='ocrx_word' id='word_1_197' title='bbox 815 3010 843 3045; x_wconf 93' lang='lat' dir='ltr'><strong>u.</strong></span> <span class='ocrx_word' id='word_1_198' title='bbox 864 3009 888 3046; x_wconf 92' lang='lat' dir='ltr'><strong>e.</strong></span> <span class='ocrx_word' id='word_1_199' title='bbox 908 2991 983 3058; x_wconf 79' lang='lat'><strong>718.)</strong></span> 
     </span>
     <span class='ocr_line' id='line_1_25' title="bbox 111 3071 1195 3138; baseline -0.004 -15"><span class='ocrx_word' id='word_1_200' title='bbox 111 3077 191 3124; x_wconf 80' lang='lat' dir='ltr'><strong>exorti</strong></span> <span class='ocrx_word' id='word_1_201' title='bbox 213 3079 307 3136; x_wconf 85' lang='lat' dir='ltr'><strong>erant,</strong></span> <span class='ocrx_word' id='word_1_202' title='bbox 336 3078 362 3124; x_wconf 93' lang='lat' dir='ltr'><strong>et</strong></span> <span class='ocrx_word' id='word_1_203' title='bbox 387 3075 433 3136; x_wconf 87' lang='lat' dir='ltr'><strong>qui</strong></span> <span class='ocrx_word' id='word_1_204' title='bbox 450 3086 532 3137; x_wconf 77' lang='lat' dir='ltr'><strong>prava</strong></span> <span class='ocrx_word' id='word_1_205' title='bbox 550 3074 635 3122; x_wconf 81' lang='lat' dir='ltr'><strong>ambi·</strong></span> <span class='ocrx_word' id='word_1_206' title='bbox 708 3073 802 3126; x_wconf 82' lang='lat'><strong>1-6.</strong></span> <span class='ocrx_word' id='word_1_207' title='bbox 839 3074 988 3138; x_wconf 76' lang='lat' dir='ltr'><strong>Lydorum]</strong></span> <span class='ocrx_word' id='word_1_208' title='bbox 1020 3071 1195 3134; x_wconf 81' lang='lat' dir='ltr'><strong>lir&#39;antiqua</strong></span> 
     </span>
     <span class='ocr_line' id='line_1_26' title="bbox 110 3146 1195 3219; baseline -0.004 -19"><span class='ocrx_word' id='word_1_209' title='bbox 110 3153 179 3203; x_wconf 91' lang='lat' dir='ltr'><strong>tione</strong></span> <span class='ocrx_word' id='word_1_210' title='bbox 199 3152 328 3216; x_wconf 85' lang='lat' dir='ltr'><strong>malaque</strong></span> <span class='ocrx_word' id='word_1_211' title='bbox 346 3151 489 3201; x_wconf 88' lang='lat' dir='ltr'><strong>sedulitate</strong></span> <span class='ocrx_word' id='word_1_212' title='bbox 508 3150 536 3199; x_wconf 90' lang='lat' dir='ltr'><strong>in</strong></span> <span class='ocrx_word' id='word_1_213' title='bbox 556 3150 644 3199; x_wconf 73' lang='lat' dir='ltr'><strong>lami·</strong></span> <span class='ocrx_word' id='word_1_214' title='bbox 672 3155 744 3205; x_wconf 68' lang='lat' dir='ltr'><strong>sama</strong></span> <span class='ocrx_word' id='word_1_215' title='bbox 771 3152 884 3219; x_wconf 77' lang='lat' dir='ltr'><strong>(Herod.</strong></span> <span class='ocrx_word' id='word_1_216' title='bbox 911 3154 943 3212; x_wconf 87' lang='lat'><strong>1,</strong></span> <span class='ocrx_word' id='word_1_217' title='bbox 966 3146 1023 3214; x_wconf 78' lang='lat' dir='ltr'><strong>oa.)</strong></span> <span class='ocrx_word' id='word_1_218' title='bbox 1041 3149 1157 3199; x_wconf 80' lang='lat' dir='ltr'><strong>refutata</strong></span> <span class='ocrx_word' id='word_1_219' title='bbox 1178 3159 1195 3198; x_wconf 86' lang='lat' dir='ltr'><strong>a</strong></span> 
     </span>
     <span class='ocr_line' id='line_1_27' title="bbox 108 3227 1196 3297; baseline -0.006 -17"><span class='ocrx_word' id='word_1_220' title='bbox 108 3231 252 3283; x_wconf 87' lang='lat' dir='ltr'><strong>liaritatcm</strong></span> <span class='ocrx_word' id='word_1_221' title='bbox 276 3231 442 3283; x_wconf 84' lang='lat' dir='ltr'><strong>Maecenatis</strong></span> <span class='ocrx_word' id='word_1_222' title='bbox 469 3229 632 3292; x_wconf 83' lang='lat' dir='ltr'><strong>irrepsisset,</strong></span> <span class='ocrx_word' id='word_1_223' title='bbox 671 3234 782 3297; x_wconf 74' lang='lat' dir='ltr'><strong>Dionys.</strong></span> <span class='ocrx_word' id='word_1_224' title='bbox 812 3231 899 3281; x_wconf 77' lang='lat' dir='ltr'><strong>natio.</strong></span> <span class='ocrx_word' id='word_1_225' title='bbox 929 3231 954 3280; x_wconf 90' lang='lat'><strong>1.</strong></span> <span class='ocrx_word' id='word_1_226' title='bbox 982 3243 1010 3292; x_wconf 91' lang='lat' dir='ltr'><strong>p.</strong></span> <span class='ocrx_word' id='word_1_227' title='bbox 1036 3228 1080 3276; x_wconf 78' lang='lat'><strong>21.</strong></span> <span class='ocrx_word' id='word_1_228' title='bbox 1129 3227 1196 3290; x_wconf 82' lang='lat' dir='ltr'><strong>Lydi</strong></span> 
     </span>
     <span class='ocr_line' id='line_1_28' title="bbox 109 3305 1193 3375; baseline -0.006 -16"><span class='ocrx_word' id='word_1_229' title='bbox 109 3317 136 3360; x_wconf 90' lang='lat' dir='ltr'><strong>ut</strong></span> <span class='ocrx_word' id='word_1_230' title='bbox 161 3312 282 3361; x_wconf 88' lang='lat' dir='ltr'><strong>honores</strong></span> <span class='ocrx_word' id='word_1_231' title='bbox 321 3314 348 3359; x_wconf 91' lang='lat' dir='ltr'><strong>et</strong></span> <span class='ocrx_word' id='word_1_232' title='bbox 384 3322 448 3371; x_wconf 91' lang='lat' dir='ltr'><strong>opes</strong></span> <span class='ocrx_word' id='word_1_233' title='bbox 476 3313 631 3358; x_wconf 78' lang='lat' dir='ltr'><strong>venaretur.</strong></span> <span class='ocrx_word' id='word_1_234' title='bbox 672 3313 740 3361; x_wconf 87' lang='lat' dir='ltr'><strong>duee</strong></span> <span class='ocrx_word' id='word_1_235' title='bbox 757 3312 916 3375; x_wconf 78' lang='lat' dir='ltr'><strong>Tyrrheno,</strong></span> <span class='ocrx_word' id='word_1_236' title='bbox 936 3307 1010 3370; x_wconf 76' lang='lat' dir='ltr'><strong>Alpis</strong></span> <span class='ocrx_word' id='word_1_237' title='bbox 1029 3306 1101 3366; x_wconf 82' lang='lat' dir='ltr'><strong>regis</strong></span> <span class='ocrx_word' id='word_1_238' title='bbox 1122 3305 1193 3370; x_wconf 72' lang='lat' dir='ltr'><strong>filio,</strong></span> 
     </span>
    </p>
   </div>
   <div class='ocr_carea' id='block_1_7' title="bbox 108 3384 1285 3452">
    <p class='ocr_par' dir='ltr' id='par_1_7' title="bbox 108 3384 1285 3452">
     <span class='ocr_line' id='line_1_29' title="bbox 108 3384 1285 3452; baseline -0.006 -16"><span class='ocrx_word' id='word_1_239' title='bbox 108 3387 191 3452; x_wconf 78' lang='lat' dir='ltr'><strong>Atque</strong></span> <span class='ocrx_word' id='word_1_240' title='bbox 213 3390 346 3440; x_wconf 84' lang='lat' dir='ltr'><strong>adversus</strong></span> <span class='ocrx_word' id='word_1_241' title='bbox 369 3387 440 3436; x_wconf 87' lang='lat' dir='ltr'><strong>hanc</strong></span> <span class='ocrx_word' id='word_1_242' title='bbox 461 3387 547 3449; x_wconf 85' lang='lat' dir='ltr'><strong>ipsam</strong></span> <span class='ocrx_word' id='word_1_243' title='bbox 569 3387 632 3435; x_wconf 86' lang='lat' dir='ltr'><strong>sini·</strong></span> <span class='ocrx_word' id='word_1_244' title='bbox 672 3391 700 3438; x_wconf 91' lang='lat' dir='ltr'><strong>in</strong></span> <span class='ocrx_word' id='word_1_245' title='bbox 723 3390 829 3438; x_wconf 89' lang='lat' dir='ltr'><strong>ltaliam</strong></span> <span class='ocrx_word' id='word_1_246' title='bbox 851 3401 913 3437; x_wconf 92' lang='lat' dir='ltr'><strong>cum</strong></span> <span class='ocrx_word' id='word_1_247' title='bbox 936 3384 1197 3444; x_wconf 79' lang='lat' dir='ltr'><strong>transmigrassem,</strong></span> <span class='ocrx_word' id='word_1_248' title='bbox 1281 3403 1285 3408; x_wconf 94' lang='lat'>·</span> 
     </span>
    </p>
   </div>
   <div class='ocr_carea' id='block_1_8' title="bbox 86 3459 1257 3840">
    <p class='ocr_par' dir='ltr' id='par_1_8' title="bbox 86 3459 1257 3840">
     <span class='ocr_line' id='line_1_30' title="bbox 86 3459 1195 3536; baseline -0.004 -22"><span class='ocrx_word' id='word_1_249' title='bbox 86 3494 89 3500; x_wconf 90' lang='lat'>·</span> <span class='ocrx_word' id='word_1_250' title='bbox 111 3471 190 3516; x_wconf 86' lang='lat' dir='ltr'><strong>stram</strong></span> <span class='ocrx_word' id='word_1_251' title='bbox 205 3469 240 3516; x_wconf 91' lang='lat' dir='ltr'><strong>de</strong></span> <span class='ocrx_word' id='word_1_252' title='bbox 259 3480 289 3516; x_wconf 88' lang='lat' dir='ltr'><strong>se</strong></span> <span class='ocrx_word' id='word_1_253' title='bbox 307 3459 489 3528; x_wconf 85' lang='lat' dir='ltr'><strong>suspicionem</strong></span> <span class='ocrx_word' id='word_1_254' title='bbox 508 3469 534 3514; x_wconf 91' lang='lat' dir='ltr'><strong>et</strong></span> <span class='ocrx_word' id='word_1_255' title='bbox 546 3465 633 3514; x_wconf 87' lang='lat' dir='ltr'><strong>homi·</strong></span> <span class='ocrx_word' id='word_1_256' title='bbox 672 3469 708 3516; x_wconf 90' lang='lat' dir='ltr'><strong>ibi</strong></span> <span class='ocrx_word' id='word_1_257' title='bbox 723 3464 882 3536; x_wconf 77' lang='grc' dir='ltr'><strong><em>Τυρσηνῶν</em></strong></span> <span class='ocrx_word' id='word_1_258' title='bbox 895 3478 918 3513; x_wconf 88' lang='lat' dir='ltr'><strong>s.</strong></span> <span class='ocrx_word' id='word_1_259' title='bbox 933 3463 1134 3526; x_wconf 80' lang='lat' dir='ltr'><strong>Tyrrhenorum</strong></span> <span class='ocrx_word' id='word_1_260' title='bbox 1147 3473 1195 3510; x_wconf 89' lang='lat' dir='ltr'><strong>no·</strong></span> 
     </span>
     <span class='ocr_line' id='line_1_31' title="bbox 108 3538 1195 3607; baseline -0.007 -13"><span class='ocrx_word' id='word_1_261' title='bbox 108 3557 170 3594; x_wconf 92' lang='lat' dir='ltr'><strong>num</strong></span> <span class='ocrx_word' id='word_1_262' title='bbox 188 3549 237 3595; x_wconf 86' lang='lat' dir='ltr'><strong>aut</strong></span> <span class='ocrx_word' id='word_1_263' title='bbox 256 3545 440 3607; x_wconf 82' lang='lat' dir='ltr'><strong>ignorantiam</strong></span> <span class='ocrx_word' id='word_1_264' title='bbox 455 3543 633 3593; x_wconf 83' lang='lat' dir='ltr'><strong>autmalevo·</strong></span> <span class='ocrx_word' id='word_1_265' title='bbox 671 3545 744 3596; x_wconf 88' lang='lat' dir='ltr'><strong>mine</strong></span> <span class='ocrx_word' id='word_1_266' title='bbox 775 3543 911 3592; x_wconf 86' lang='lat' dir='ltr'><strong>Etruriam</strong></span> <span class='ocrx_word' id='word_1_267' title='bbox 950 3538 1134 3589; x_wconf 89' lang='lat' dir='ltr'><strong>incoluerunt.</strong></span> <span class='ocrx_word' id='word_1_268' title='bbox 1161 3559 1195 3572; x_wconf 90' lang='lat'>-</span> 
     </span>
     <span class='ocr_line' id='line_1_32' title="bbox 107 3616 1257 3692; baseline -0.003 -24"><span class='ocrx_word' id='word_1_269' title='bbox 107 3621 214 3674; x_wconf 85' lang='lat' dir='ltr'><strong>lentiam</strong></span> <span class='ocrx_word' id='word_1_270' title='bbox 227 3625 297 3673; x_wconf 84' lang='lat' dir='ltr'><strong>haee</strong></span> <span class='ocrx_word' id='word_1_271' title='bbox 311 3623 392 3672; x_wconf 86' lang='lat' dir='ltr'><strong>satira</strong></span> <span class='ocrx_word' id='word_1_272' title='bbox 406 3621 558 3683; x_wconf 87' lang='lat' dir='ltr'><strong>conscripta</strong></span> <span class='ocrx_word' id='word_1_273' title='bbox 572 3633 632 3670; x_wconf 84' lang='lat' dir='ltr'><strong>esse</strong></span> <span class='ocrx_word' id='word_1_274' title='bbox 669 3619 793 3684; x_wconf 81' lang='lat' dir='ltr'><strong>incoluit]</strong></span> <span class='ocrx_word' id='word_1_275' title='bbox 803 3617 958 3692; x_wconf 72' lang='grc' dir='ltr'><em>ἀορίστως·</em></span> <span class='ocrx_word' id='word_1_276' title='bbox 971 3621 1119 3682; x_wconf 78' lang='lat' dir='ltr'><strong>«quotquot</strong></span> <span class='ocrx_word' id='word_1_277' title='bbox 1129 3616 1194 3666; x_wconf 88' lang='lat' dir='ltr'><strong>olim</strong></span> <span class='ocrx_word' id='word_1_278' title='bbox 1253 3622 1257 3630; x_wconf 91' lang='lat'>&#39;</span> 
     </span>
     <span class='ocr_line' id='line_1_33' title="bbox 106 3699 1194 3762; baseline -0.002 -14"><span class='ocrx_word' id='word_1_279' title='bbox 106 3702 179 3751; x_wconf 88' lang='lat' dir='ltr'><strong>nobis</strong></span> <span class='ocrx_word' id='word_1_280' title='bbox 208 3702 328 3753; x_wconf 83' lang='lat' dir='ltr'><strong>ridetur.</strong></span> <span class='ocrx_word' id='word_1_281' title='bbox 354 3700 532 3750; x_wconf 83' lang='lat' dir='ltr'><strong>&#39;Generosos</strong></span> <span class='ocrx_word' id='word_1_282' title='bbox 557 3699 631 3748; x_wconf 90' lang='lat' dir='ltr'><strong>enim</strong></span> <span class='ocrx_word' id='word_1_283' title='bbox 670 3703 859 3762; x_wconf 83' lang='lat' dir='ltr'><strong>immigrarunt</strong></span> <span class='ocrx_word' id='word_1_284' title='bbox 881 3704 907 3749; x_wconf 90' lang='lat' dir='ltr'><strong>et</strong></span> <span class='ocrx_word' id='word_1_285' title='bbox 928 3711 977 3760; x_wconf 88' lang='lat' dir='ltr'><strong>per</strong></span> <span class='ocrx_word' id='word_1_286' title='bbox 998 3700 1127 3760; x_wconf 89' lang='lat' dir='ltr'><strong>nepotum</strong></span> <span class='ocrx_word' id='word_1_287' title='bbox 1153 3707 1194 3746; x_wconf 85' lang='lat' dir='ltr'><strong>se·</strong></span> 
     </span>
     <span class='ocr_line' id='line_1_34' title="bbox 106 3775 1195 3840; baseline -0.007 -11"><span class='ocrx_word' id='word_1_288' title='bbox 106 3782 180 3840; x_wconf 84' lang='lat' dir='ltr'><strong>potita</strong></span> <span class='ocrx_word' id='word_1_289' title='bbox 203 3781 312 3832; x_wconf 75' lang='lat' dir='ltr'><strong>vinulis</strong></span> <span class='ocrx_word' id='word_1_290' title='bbox 335 3792 399 3829; x_wconf 90' lang='lat' dir='ltr'><strong>suae</strong></span> <span class='ocrx_word' id='word_1_291' title='bbox 422 3779 473 3827; x_wconf 86' lang='lat' dir='ltr'><strong>sibl</strong></span> <span class='ocrx_word' id='word_1_292' title='bbox 505 3777 631 3827; x_wconf 89' lang='lat' dir='ltr'><strong>eonseius</strong></span> <span class='ocrx_word' id='word_1_293' title='bbox 669 3782 736 3831; x_wconf 87' lang='lat' dir='ltr'><strong>riom</strong></span> <span class='ocrx_word' id='word_1_294' title='bbox 750 3780 839 3829; x_wconf 86' lang='lat' dir='ltr'><strong>adhuc</strong></span> <span class='ocrx_word' id='word_1_295' title='bbox 852 3777 992 3836; x_wconf 89' lang='lat' dir='ltr'><strong>incolunt,</strong></span> <span class='ocrx_word' id='word_1_296' title='bbox 1012 3776 1068 3825; x_wconf 86' lang='lat' dir='ltr'><strong>sive</strong></span> <span class='ocrx_word' id='word_1_297' title='bbox 1087 3775 1115 3823; x_wconf 91' lang='lat' dir='ltr'><strong>ln</strong></span> <span class='ocrx_word' id='word_1_298' title='bbox 1136 3775 1195 3837; x_wconf 85' lang='lat' dir='ltr'><strong>ipsa</strong></span> 
     </span>
    </p>
   </div>
   <div class='ocr_carea' id='block_1_9' title="bbox 31 3853 1192 3923">
    <p class='ocr_par' dir='ltr' id='par_1_9' title="bbox 31 3853 1192 3923">
     <span class='ocr_line' id='line_1_35' title="bbox 31 3853 1192 3923; baseline -0.003 -19"><span class='ocrx_word' id='word_1_299' title='bbox 31 3895 34 3904; x_wconf 78' lang='grc'>,</span> <span class='ocrx_word' id='word_1_300' title='bbox 105 3861 130 3907; x_wconf 86' lang='lat' dir='ltr'><strong>et</strong></span> <span class='ocrx_word' id='word_1_301' title='bbox 159 3861 325 3923; x_wconf 88' lang='lat' dir='ltr'><strong>sapientium</strong></span> <span class='ocrx_word' id='word_1_302' title='bbox 350 3858 502 3922; x_wconf 86' lang='lat' dir='ltr'><strong>praeceptis</strong></span> <span class='ocrx_word' id='word_1_303' title='bbox 534 3857 589 3906; x_wconf 91' lang='lat' dir='ltr'><strong>iam</strong></span> <span class='ocrx_word' id='word_1_304' title='bbox 614 3869 630 3906; x_wconf 90' lang='lat' dir='ltr'><strong>a</strong></span> <span class='ocrx_word' id='word_1_305' title='bbox 668 3859 775 3909; x_wconf 85' lang='lat' dir='ltr'><strong>Etruria</strong></span> <span class='ocrx_word' id='word_1_306' title='bbox 795 3861 973 3915; x_wconf 88' lang='lat' dir='ltr'><strong>manserunt,</strong></span> <span class='ocrx_word' id='word_1_307' title='bbox 1003 3855 1059 3904; x_wconf 82' lang='lat' dir='ltr'><strong>sive</strong></span> <span class='ocrx_word' id='word_1_308' title='bbox 1079 3853 1192 3902; x_wconf 85' lang='lat' dir='ltr'><strong>Romam</strong></span> 
     </span>
    </p>
   </div>
   <div class='ocr_carea' id='block_1_10' title="bbox 105 3931 1194 4172">
    <p class='ocr_par' dir='ltr' id='par_1_10' title="bbox 105 3931 1194 4172">
     <span class='ocr_line' id='line_1_36' title="bbox 105 3931 1194 3996; baseline -0.006 -11"><span class='ocrx_word' id='word_1_309' title='bbox 105 3939 201 3988; x_wconf 90' lang='lat' dir='ltr'><strong>teneris</strong></span> <span class='ocrx_word' id='word_1_310' title='bbox 222 3939 303 3988; x_wconf 87' lang='lat' dir='ltr'><strong>annis</strong></span> <span class='ocrx_word' id='word_1_311' title='bbox 321 3938 455 3988; x_wconf 85' lang='lat' dir='ltr'><strong>honorum</strong></span> <span class='ocrx_word' id='word_1_312' title='bbox 474 3949 507 3985; x_wconf 87' lang='lat' dir='ltr'><strong>ae</strong></span> <span class='ocrx_word' id='word_1_313' title='bbox 525 3935 630 3996; x_wconf 84' lang='lat' dir='ltr'><strong>divitia·</strong></span> <span class='ocrx_word' id='word_1_314' title='bbox 668 3951 697 3986; x_wconf 86' lang='lat' dir='ltr'><strong>se</strong></span> <span class='ocrx_word' id='word_1_315' title='bbox 709 3933 902 3990; x_wconf 86' lang='lat' dir='ltr'><strong>contulerunt,</strong></span> <span class='ocrx_word' id='word_1_316' title='bbox 928 3939 958 3982; x_wconf 92' lang='lat' dir='ltr'><strong>ut</strong></span> <span class='ocrx_word' id='word_1_317' title='bbox 970 3935 1077 3996; x_wconf 85' lang='lat' dir='ltr'><strong>praeter</strong></span> <span class='ocrx_word' id='word_1_318' title='bbox 1090 3931 1194 3981; x_wconf 84' lang='lat' dir='ltr'><strong>Cilnios</strong></span> 
     </span>
     <span class='ocr_line' id='line_1_37' title="bbox 106 4012 1192 4078; baseline -0.007 -15"><span class='ocrx_word' id='word_1_319' title='bbox 106 4027 164 4064; x_wconf 90' lang='lat' dir='ltr'><strong>rum</strong></span> <span class='ocrx_word' id='word_1_320' title='bbox 194 4018 307 4067; x_wconf 86' lang='lat' dir='ltr'><strong>inanem</strong></span> <span class='ocrx_word' id='word_1_321' title='bbox 345 4016 461 4078; x_wconf 76' lang='lat' dir='ltr'><strong>gloriam</strong></span> <span class='ocrx_word' id='word_1_322' title='bbox 499 4026 629 4078; x_wconf 88' lang='lat' dir='ltr'><strong>spernere</strong></span> <span class='ocrx_word' id='word_1_323' title='bbox 667 4016 810 4074; x_wconf 85' lang='lat' dir='ltr'><strong>Caecinae,</strong></span> <span class='ocrx_word' id='word_1_324' title='bbox 825 4012 994 4076; x_wconf 85' lang='lat' dir='ltr'><strong>Spurinnae»</strong></span> <span class='ocrx_word' id='word_1_325' title='bbox 1009 4014 1061 4060; x_wconf 88' lang='lat' dir='ltr'><strong>eet.</strong></span> <span class='ocrx_word' id='word_1_326' title='bbox 1079 4032 1109 4046; x_wconf 91' lang='lat'>-</span> <span class='ocrx_word' id='word_1_327' title='bbox 1127 4021 1192 4056; x_wconf 75' lang='lat' dir='ltr'><strong>oum</strong></span> 
     </span>
     <span class='ocr_line' id='line_1_38' title="bbox 106 4084 1193 4172; baseline -0.006 -33"><span class='ocrx_word' id='word_1_328' title='bbox 106 4093 211 4146; x_wconf 81' lang='lat' dir='ltr'><strong>edoctus</strong></span> <span class='ocrx_word' id='word_1_329' title='bbox 231 4097 284 4146; x_wconf 83' lang='lat' dir='ltr'><strong>hoe</strong></span> <span class='ocrx_word' id='word_1_330' title='bbox 307 4098 336 4144; x_wconf 86' lang='lat' dir='ltr'><strong>et</strong></span> <span class='ocrx_word' id='word_1_331' title='bbox 355 4093 578 4172; x_wconf 60' lang='lat' dir='ltr'><strong>Maecenatiauo</strong></span> <span class='ocrx_word' id='word_1_332' title='bbox 603 4095 630 4142; x_wconf 91' lang='lat' dir='ltr'><strong>el</strong></span> <span class='ocrx_word' id='word_1_333' title='bbox 667 4088 812 4153; x_wconf 62' lang='lat' dir='ltr'><strong>maianus]</strong></span> <span class='ocrx_word' id='word_1_334' title='bbox 841 4090 979 4152; x_wconf 69' lang='lat' dir='ltr'><strong>Singulari</strong></span> <span class='ocrx_word' id='word_1_335' title='bbox 1006 4099 1082 4136; x_wconf 86' lang='lat' dir='ltr'><strong>more</strong></span> <span class='ocrx_word' id='word_1_336' title='bbox 1112 4084 1193 4134; x_wconf 81' lang='lat' dir='ltr'><strong>Tusci</strong></span> 
     </span>
    </p>
   </div>
   <div class='ocr_carea' id='block_1_11' title="bbox 0 0 1432 4782">
    <p class='ocr_par' dir='ltr' id='par_1_11' title="bbox 0 0 1432 4782">
     <span class='ocr_line' id='line_1_39' title="bbox 0 0 1432 4782; baseline 0 0"><span class='ocrx_word' id='word_1_337' title='bbox 0 0 1432 4782; x_wconf 95' lang='lat' dir='ltr'><strong> </strong></span> 
     </span>
    </p>
   </div>
  </div>
 </body>
</html>
