2928 4794
243 299 328 368 cot
590 319 730 368 uoaaru
752 318 988 368 urrsronaruor

244 460 289 525 lit
311 479 420 548 genus
441 462 476 525 ct
498 460 635 524 formam
656 459 776 548 regina
798 428 946 525 Pecunia
968 457 1088 541 douai,

245 579 299 646 Ao
322 581 406 645 bene
429 583 626 646 nummatum
649 578 787 646 decorat
808 574 958 646 Suadela
979 579 1170 664 Venusque.
1256 661 1257 666 ἵ

156 751 160 758 ,
244 700 427 785 Manclpits
447 702 599 783 locuples
621 703 701 789 eget
720 700 811 764 aeris
832 699 1069 784 Cappadocum
1090 715 1168 763 rex:

244 821 296 889 Ne
318 822 423 887 fucris
444 819 497 887 hic
519 825 565 885 iu.
609 819 811 907 chlamydes
832 821 1008 906 Lucullus,
1029 822 1066 884 ut
1088 821 1202 898 aiunt,
1289 811 1333 874 40

244 939 283 1008 Si
306 945 423 1026 posset
444 945 577 1008 centum
598 959 722 1007 scenae
745 942 907 1025 praebere
929 943 1087 1028 rogatus,

246 1058 309 1142 Qui
325 1080 457 1146 possum
474 1055 552 1128 tott
574 1064 636 1125 alt:
660 1064 771 1126 tamen
793 1063 827 1126 ct
841 1079 996 1145 quaeram
1012 1064 1046 1125 ct
1062 1068 1142 1144 quot
1156 1058 1287 1124 habebo

244 1181 395 1248 Mittam:
422 1185 499 1267 post
522 1182 633 1266 paullo
656 1182 772 1254 scribit
794 1181 856 1245 sibl
880 1181 967 1244 milia
989 1183 1134 1264 quinque
1179 1261 1180 1264 Ἴ
1207 1205 1220 1247 ·,

243 1302 330 1368 Esse
353 1302 439 1366 domi
462 1301 687 1389 chlamydum3
712 1287 838 1385 partem
862 1302 918 1365 vel
941 1301 1075 1366 tolleret
1097 1317 1222 1365 omnes.

296 1496 319 1546 1.
356 1511 382 1547 r.
403 1495 447 1545 38.
466 1496 534 1546 Num
552 1496 612 1545 bene
630 1483 765 1557 superscr.
785 1494 821 1544 Ac
840 1494 867 1544 S.
904 1509 930 1545 v.
950 1493 995 1544 40.
1015 1493 1065 1545 Nec
1083 1493 1111 1544 b.
1132 1489 1199 1557 (uon
1218 1489 1275 1558 Sc.)

235 1636 240 1649 .
276 1593 321 1642 lv.
358 1606 385 1646 r.
404 1591 449 1645 42.
470 1601 495 1645 et
511 1593 581 1656 quod
601 1592 667 1644 Vsu.
688 1592 766 1645 1401.
786 1591 850 1642 alo.
870 1590 1024 1642 Hocbedcr.

243 1766 294 1810 set.
315 1783 346 1795 -
365 1759 426 1810 bene
448 1756 625 1822 nummatum]
653 1758 766 1808 Cic..de
804 1757 888 1807 Antb.
902 1756 960 1806 Pal.
974 1756 997 1806 1.
1010 1770 1037 1820 p.
1051 1755 1113 1806 20³.
1127 1763 1242 1818 sponsus
1255 1756 1330 1807 dona

243 1839 304 1901 lege
323 1852 380 1900 agr.
400 1838 428 1898 2,
449 1835 583 1888 02111111
602 1838 687 1886 minua
707 1838 767 1888 beoe
804 1832 1060 1890 offertiler‘toixai
1072 1833 1187 1901 Παφίᾳ.
1219 1834 1250 1883 ln
1264 1847 1329 1884 rua·

238 1923 392 1967 mummulus
402 1929 482 1978 quam
493 1916 553 1964 beree
571 1915 721 1981 capillutus.
735 1937 765 1949 -
804 1914 902 1978 glypbo
914 1913 1034 1963 Helenae
1044 1917 1150 1975 raptum
1160 1913 1330 1976 exprimente

146 1991 150 1995 “
177 1985 188 2052 ,ἔ
223 1996 337 2058 ··repiou
354 1990 481 2055 Pecunia]
510 1993 622 2043 Talibus
643 2006 675 2043 ex
700 1993 766 2043 iocis
805 1990 983 2055 (Winclrelm.
1004 1991 1080 2045 bion.
1102 1992 1176 2041 iued.
1198 1992 1230 2041 T.
1248 1991 1328 2042 CXV.

244 2074 385 2136 desumpta
413 2073 553 2132 videntur,
585 2085 655 2136 quae
679 2072 767 2123 Arno·
804 2069 954 2133 lngbirami
985 2069 1056 2120 Gall.
1083 2068 1143 2118 Om-
1170 2069 1193 2117 Ι.
1221 2069 1327 2120 iutrod.

243 2151 303 2202 bius
320 2150 347 2212 4,
366 2150 393 2201 o.
413 2156 441 2201 et
464 2150 630 2212 Augustinus
651 2151 685 2202 de
706 2151 763 2204 Cir.
804 2150 835 2198 T.
862 2145 908 2212 x.)
936 2153 977 2197 est
1006 2147 1111 2198 111911.
1139 2145 1328 2200 ΑΦΙὈΔΙΊῊ.

240 2230 276 2282 b.
290 2229 317 2289 4,
331 2230 376 2280 00.
396 2229 430 2278 de
447 2229 498 2279 dea
510 2230 629 2280 Pecunia
647 2230 682 2279 lta
702 2231 766 2279 scri·
838 2223 952 2278 ee-ta.
984 2223 1245 2289 Cappadocumue]
1266 2226 1329 2288 Quo

243 2387 346 2440 buissct
373 2386 444 2449 apud
470 2386 617 2437 Romanor.
664 2385 764 2437 Verum
803 2385 935 2446 regnabat
954 2383 1083 2442 ultimus,
1110 2382 1262 2434 Archelaus
1288 2380 1327 2446 (a.

241 2458 406 2536 διαᾷρήόην
427 2463 672 2524 Iuvenal.1,113:
691 2464 766 2527 sarie·
803 2477 830 2512 u.
845 2475 870 2512 c.
889 2458 1051 2524 718-771.)
1088 2460 1146 2510 lam
1159 2460 1193 2510 de
1210 2463 1269 2512 eius
1282 2463 1329 2512 de·

241 2549 284 2594 rte
296 2544 410 2594 Pecunia
418 2542 641 2605 tempioNoodum
649 2542 763 2599 bullitur,
802 2553 909 2594 cessere
922 2539 1106 2592 Ariobarzane
1119 2540 1213 2592 scribit
1230 2539 1327 2590 cicaro

243 2627 296 2670 cet.
310 2623 409 2685 liepiae
422 2625 513 2670 autem
529 2622 623 2670 eadem
634 2618 763 2682 imagine,
804 2615 841 2683 (a.
856 2632 884 2668 u.
900 2633 924 2668 c.
938 2614 1013 2682 704.)
1033 2619 1068 2678 ad
1086 2617 1140 2668 litt.
1153 2618 1179 2678 o,
1196 2619 1227 2670 1:
1256 2619 1330 2670 Nihil

243 2712 296 2762 que
309 2699 380 2761 apud
396 2697 452 2748 Cic.
467 2699 501 2748 de
513 2697 560 2747 Or.
574 2699 600 2757 0,
611 2698 656 2748 44.
670 2699 763 2760 poetar
802 2697 857 2747 11101
879 2711 960 2761 repoo
989 2695 1147 2759 spetialius,
1178 2697 1246 2746 nibil
1269 2710 1328 2760 repe

241 2778 384 2843 flexanimo
396 2783 473 2839 atque
486 2777 601 2824 ommium
619 2778 711 2840 ceptae
725 2789 764 2824 re·
802 2778 927 2842 operatior.
953 2776 992 2825 lb.
1010 2775 1059 2839 Ep.
1073 2775 1104 2825 31
1124 2777 1326 2832 Ariobarzanes,

241 2868 301 2908 mem
320 2856 418 2904 oratio.
440 2879 469 2890 -
490 2849 619 2916 Soudeta]
647 2850 763 2912 flend,
802 2867 849 2904 rec
861 2866 1029 2916 perpauper:
1050 2854 1093 2902 eui
1108 2853 1217 2917 inopiae
1232 2853 1270 2902 ita
1287 2866 1329 2903 re-

241 2931 331 2980 Ennio
339 2930 429 2980 Suada
443 2928 509 2993 (Cic.
521 2929 597 2982 Brut.
611 2927 684 2994 15.),
705 2943 764 2993 per·
802 2945 849 2995 ges
869 2932 908 2980 illi
926 2932 1119 2988 metiebantur,
1149 2937 1179 2980 ut
1193 2933 1329 2994 mancipia

242 3011 374 3062 suadendi
387 3010 438 3061 dea
448 3009 561 3072 Quintil.
577 3011 620 3069 10,
635 3011 660 3070 1·‚
674 3009 763 3058 01.-
801 3022 860 3067 sur.
881 3010 907 3059 id
921 3015 970 3070 est,
979 3010 1109 3060 homiues
1118 3010 1214 3072 glebae
1224 3010 1328 3060 adseri·

243 3084 341 3150 Venus]
361 3088 613 3151 blcprovennstate
626 3093 652 3137 el
665 3079 762 3150 gratia.
802 3094 871 3152 ptos,
890 3090 1110 3150 venumdarent.
1147 3089 1263 3138 Tantam
1279 3102 1328 3138 au·

238 3167 311 3220 Plin.
325 3168 369 3229 ³5,
382 3168 432 3218 lo:
447 3166 564 3217 omuibus
577 3168 697 3218 --deesre
706 3177 764 3216 eum
802 3172 855 3217 tem
876 3168 1011 3219 habebant
1024 3169 1222 3231 mancipiorum
1235 3168 1329 3224 multi·

241 3247 375 3306 Venerem,
395 3259 473 3309 quum
488 3245 579 3296 Graeci
596 3243 703 3316 χάριτα
719 3258 764 3296 vo·
801 3246 940 3307 tudinem,
971 3252 1001 3296 ut
1024 3247 1173 3310 aliquando
1199 3251 1329 3310 quattuor

238 3331 309 3374 caat.
348 3325 452 3377 Seneca
478 3322 761 3382 delieuei.2,12=
801 3326 883 3375 bomo
904 3326 1068 3380 venderetur
1088 3327 1235 3376 drachmis.
1273 3323 1329 3388 Ap-

240 3403 288 3454 lite
312 3416 367 3452 ooo
391 3408 429 3452 ert
455 3403 520 3453 mibi
543 3415 596 3464 pur
620 3402 764 3452 uirtutibus
801 3404 875 3466 pinu.
889 3403 982 3457 blitbr.
1000 3405 1045 3454 70.
1082 3405 1135 3458 sed
1154 3405 1234 3459 rudes
1248 3409 1329 3458 erant

239 3481 404 3547 maniciis,
425 3482 468 3531 red
484 3479 575 3530 babuit
587 3494 663 3530 sunm
682 3480 764 3531 Veoe-
800 3483 983 3545 utqueprari.
1015 3482 1186 3533 Demodocus
1200 3484 1229 3532 in
1241 3482 1327 3534 Autb.

241 3573 305 3608 reru.
343 3559 422 3620 Quod
440 3564 600 3618 memorant,
621 3563 763 3621 utramque
801 3559 858 3608 Pal.
870 3560 905 3609 11.
917 3575 944 3623 p.
958 3560 1025 3610 31171
1045 3559 1241 3612 Καππαδόκαι
1251 3559 1329 3625 φαῦ-

240 3628 320 3688 deam
339 3635 470 3688 edvuaov
488 3637 571 3688 luisse
591 3637 662 3701 apud
682 3635 764 3686 Grae·
800 3637 846 3694 λοι
863 3639 918 3703 μὲν
935 3635 1001 3690 cini·
1021 3638 1114 3706 ζώνης
1125 3639 1156 3690 δὲ
1169 3637 1326 3702 τυχόντες,

239 3729 287 3766 cos
306 3728 406 3778 eaeque
426 3717 526 3780 nuptiis
545 3717 673 3780 propitias
689 3715 764 3765 trabi-
801 3714 996 3790 φαυλότεροι·
1030 3718 1152 3788 κέρδους
1175 3717 1198 3770 d'
1226 3715 1327 3773 eirena
1376 3761 1382 3766 .

240 3800 295 3854 las,
328 3795 381 3844 bno
406 3795 448 3845 vir
476 3797 601 3862 pertinet.
647 3794 762 3844 Easdem
800 3792 995 3855 φαυλότατοι.
1018 3819 1048 3832 -
1075 3797 1112 3846 Ne
1135 3791 1231 3859 suoru]
1261 3795 1327 3846 «Tu

239 3873 333 3935 utique
363 3874 504 3935 coniungit
534 3875 630 3937 Ibycus
661 3873 705 3940 tir.
733 3871 762 3923 4.
801 3871 857 3920 noll
875 3875 1211 3937 tampanperersequem
1222 3873 1328 3936 Cappa·

240 3950 323 4002 Scbn.
338 3966 363 4014 p.
379 3952 445 4001 1001
465 3947 600 4022 Εὐρύαλε
612 3975 623 3986 ·
635 3975 646 3988 ·
658 3951 692 4002 ei
707 3949 763 4016 μὲν
800 3950 898 4000 docum
910 3951 1037 4014 regulus:
1058 3966 1124 4014 ergo
1134 3952 1230 4016 quovis
1244 3952 1328 4002 modo

163 4077 165 4084 ,
239 4025 388 4117 ΚύπριςἍ
403 4033 426 4081 r'
443 4025 689 4100 ἀγανοβλέφαρος
697 4028 763 4079 Hae·
801 4041 858 4077 rem
868 4042 985 4091 quaeret
997 4029 1136 4083 etbellum
1148 4031 1231 4080 babes
1242 4043 1328 4094 opum

239 4103 281 4162 ‘bd
299 4104 492 4179 ροδέοισινέν
510 4099 759 4177 ἄνθεαιθρέψαν.
801 4107 969 4174 exemplum,
1002 4107 1032 4162 L.
1060 4097 1203 4162 Lucullum
1235 4110 1327 4186 dico.»
1378 4127 1383 4138 ·

121 2329 149 2378 g
244 2309 326 2368 baut,
350 2321 381 2358 re
407 2307 429 2356 si
454 2303 492 2357 re'
509 2321 573 2359 vere
594 2308 702 2358 sacella¹
719 2309 766 2358 ba·
803 2308 924 2368 ternpore
943 2305 1010 2354 baec
1023 2303 1143 2367 Epistola
1162 2305 1262 2367 scripta
1276 2310 1327 2366 est,
1358 2355 1361 2360 ,
