2920 4792
266 273 348 346 260
505 332 506 338 1
628 294 765 340 uonnrn
788 295 988 341 sanrnnnun
1023 325 1027 337 .

268 429 413 497 Praedia
435 429 576 516 Caesar,
597 449 641 496 an
664 435 716 496 cst
738 433 826 496 Italo
847 431 966 496 tellure
989 423 1159 495 daturus?

266 547 437 615 iurantem
458 567 509 614 me
531 549 618 614 scire
640 549 720 613 nihil
742 535 903 614 mirantur
924 551 960 613 ut
982 568 1082 612 unum

266 651 406 735 Scilicet
428 663 558 756 egregii
579 670 748 733 mortalem
771 668 896 764 altique
918 668 1039 733 silenti.

266 785 424 852 Perditur
445 786 529 853 baec
550 787 638 850 inter
659 788 779 851 misero
801 789 859 851 lux
881 805 948 850 non
971 788 1044 852 sine
1064 788 1169 852 votis:

267 900 297 970 0
320 923 394 986 rus,
417 904 549 989 qnando
573 923 638 992 ego
651 908 687 976 te
703 898 911 989 adspiciam?
935 904 1134 989 quandoque
1148 906 1263 971 licebit
1307 901 1349 961 60

264 1022 363 1088 Nune
384 1025 535 1088 veterum
557 1024 665 1107 libris,
688 1042 777 1088 nunc
798 1042 914 1088 somno
937 1027 971 1108 et
993 1025 1156 1090 inertibus
1177 1023 1269 1088 horis

172 1197 174 1201 .
210 1187 211 1190 ,
265 1140 398 1206 Ducere
421 1142 584 1206 sollicitae
606 1141 750 1206 iucunda
773 1141 896 1208 oblivia
919 1135 1036 1206 ultae?

267 1229 296 1324 (i
320 1258 452 1342 quando
474 1260 553 1326 faba
575 1259 793 1347 Pythagorae
816 1264 963 1348 cognata
985 1252 1146 1346 simulque

153 1381 156 1385 ’
234 1395 241 1401 ·
264 1373 378 1442 Uncto
399 1379 482 1440 satis
504 1381 620 1466 pingui
642 1373 810 1463 ponentur
834 1380 983 1445 oluscula
1004 1372 1124 1444 lardo?

262 1616 280 1666 h
315 1547 338 1598 1.
364 1562 401 1667 bv.
422 1548 465 1599 57.
485 1545 634 1611 mirantur]
666 1549 729 1602 bSc.
748 1553 864 1601 mirator
885 1551 923 1603 hl.
951 1551 1021 1602 ibid.
1040 1558 1065 1603 ot
1082 1567 1163 1609 onum
1181 1567 1206 1605 c.
1251 1569 1278 1606 v.
1298 1555 1342 1606 ol.

256 1625 258 1628 ·
281 1618 348 1666 ertia
384 1652 391 1666 .
480 1647 482 1649 .

288 1712 340 1763 111.
376 1727 404 1764 r.
423 1712 468 1763 57.
486 1715 602 1764 mirmur
619 1727 635 1764 a
653 1713 719 1764 Cod.
739 1715 836 1764 Battel.
1007 1793 1011 1796 .

291 1807 337 1856 lv.
374 1821 401 1860 v.
421 1807 466 1856 dd.
489 1807 570 1857 Uncto
586 1810 650 1872 foeta
669 1809 784 1859 Bentleii
803 1811 932 1874 auspicio.

261 1936 402 2000 Pachyno,
423 1938 566 2002 Lilybaeo,
586 1939 683 1989 Peloro
696 1940 780 1990 finita.
822 1939 995 2004 (Marklandt
1019 1943 1116 2010 piqra)
1148 1949 1244 2000 oblivia
1260 1953 1341 2001 otton
1451 1971 1452 2026 l

161 2013 163 2024 ‘
261 2012 317 2063 Cir.
331 2015 460 2075 Quinctil.
483 2017 508 2074 1,
523 2017 550 2072 e,
564 2016 608 2065 ³0.
639 2018 783 2068 Trionlcam
823 2046 851 2056 -
871 2023 1114 2087 [abaPptbaqorac
1127 2023 1250 2090 copheta]
1272 2030 1342 2078 ouu-
1451 2031 1452 2100 q

261 2091 375 2140 eandem
395 2092 514 2154 appellat
528 2091 672 2142 claudian.
699 2095 731 2143 li.
750 2094 780 2144 P.
820 2098 921 2148 bitebat
933 2101 1006 2148 enim
1015 2096 1195 2164 Pythagoras,
1216 2117 1252 2155 en
1266 2106 1294 2154 in
1307 2120 1341 2156 eo
1451 2119 1452 2128 ¹

260 2167 369 2226 1,1ta.
397 2191 428 2203 -
453 2166 546 2230 mum]
581 2171 781 2231 «praecipuum
819 2177 1232 2242 corporelateretanimaputris
1249 2185 1340 2234 sulen

259 2244 401 2308 emnium,
422 2251 553 2308 quotquot
573 2252 663 2296 sunt.»
691 2248 781 2298 UtGi·
818 2251 1103 2317 alterinspropinqui.
1123 2261 1340 2320 quedererldet
1400 2305 1404 2312 .
1451 2243 1452 2256 ἵ

259 2332 342 2368 cero:
362 2332 429 2369 unua
441 2323 576 2385 placitator
587 2323 626 2374 M.
642 2323 779 2385 Antonius,
818 2341 880 2377 eum
903 2331 1030 2380 Horatius
1051 2339 1076 2382 et
1098 2335 1156 2384 eiua
1178 2350 1338 2400 sequaces.»

258 2395 378 2446 Catullus
388 2413 396 2446 a
406 2413 473 2447 artua
482 2401 668 2464 capotmolqm.
677 2426 706 2436 -
722 2399 777 2463 lus]
817 2405 909 2457 Coun.
924 2407 971 2459 Cn.
992 2409 1136 2472 Quocirca,
1150 2419 1179 2462 ut
1191 2416 1277 2476 aiunt,
1291 2417 1339 2480 Py·

258 2475 329 2524 «vita
346 2477 445 2526 misere
459 2477 575 2526 truditur
591 2479 779 2528 noneinehu·
817 2483 952 2544 thagoreia
987 2487 1158 2539 interdictum
1190 2498 1273 2553 artat,¹
1302 2507 1337 2543 ne

256 2551 776 2618 luamodloptatis,oqualiaaequuntur.
816 2559 942 2624 κυάμοις
970 2573 1158 2627 vescerentur3
1189 2571 1235 2633 alii
1269 2571 1336 2622 eliae

193 2623 195 2627 ·
288 2639 290 2645 “
331 2626 337 2633 “
817 2649 912 2686 causas
930 2639 1055 2690 aderunt.
1077 2641 1144 2705 (Cir.
1160 2644 1271 2696 Aristot.
1291 2663 1335 2711 ap.

291 2704 421 2756 e1-nt.
457 2705 590 2768 ueterum]
614 2711 776 2772 scriptorum
815 2713 893 2775 Diog.
908 2715 997 2766 Ladrt.
1011 2719 1038 2777 8,
1051 2719 1094 2768 dl.
1116 2721 1171 2772 Cio.
1190 2724 1224 2772 de
1245 2725 1334 2774 Dicin.

255 2784 319 2828 ante
345 2779 528 2832 Alexandrum
550 2785 588 2835 Μ.
628 2785 774 2844 Similiter,
815 2792 839 2850 1,
853 2791 896 2840 30.
917 2793 1093 2845 Aristoxenus
1107 2812 1150 2861 ap.
1161 2799 1268 2860 Goltt,
1279 2799 1334 2865 11.)

254 2856 302 2904 ead
315 2866 378 2905 κατ’
387 2859 548 2926 εἰρωνείαν,
568 2862 681 2913 Lucian.
696 2866 774 2916 libet.
814 2867 872 2916 Hoc
889 2870 971 2931 igitur
984 2874 1063 2923 dicit:
1084 2877 1202 2927 «Nobile
1218 2878 1284 2929 illud
1297 2881 1335 2930 la·

250 2930 348 3008 Prusa.
370 2933 421 2982 172
441 2929 645 3002 ἀναγίγνωσκε
664 2937 700 2991 τὰ
719 2957 775 2993 πα·
813 2957 928 3014 gumen,
949 2951 1020 3011 quod
1034 2952 1128 3014 volgus
1139 2955 1253 3017 quidem
1261 2971 1335 3019 aper-

254 3003 340 3056 λαιὰ
360 3009 416 3072 μὲν
434 3009 477 3076 μὴ
495 3010 596 3078 σύγε·
616 3017 773 3079 Isocratem,
813 3035 878 3072 nere
897 3026 978 3085 solet,
1008 3029 1054 3078 sed
1078 3019 1126 3092 pro
1148 3039 1263 3094 cognato
1282 3035 1333 3084 sibi

251 3081 480 3146 Demosthenem,
504 3088 644 3141 Platonem
665 3095 775 3145 subiun·
811 3099 908 3150 habuit
926 3105 969 3153 vel
989 3107 1047 3168 ipse
1059 3107 1252 3172 Pythagoras.»
1279 3113 1333 3162 Uti·

253 3161 483 3226 gena-somno]
511 3169 772 3234 meridiano,aicatu‚
812 3190 864 3238 que
890 3182 973 3230 utitur
992 3184 1082 3246 lepida
1107 3189 1256 3258 εἰρωνείᾳ,
1286 3192 1332 3242 sed

251 3238 325 3300 qood
353 3239 440 3290 Varro
467 3242 499 3292 lt.
525 3244 557 3292 lt.
586 3247 617 3305 1,
644 3249 671 3297 2.
691 3249 771 3299 dicit:
811 3254 886 3304 nulla
902 3257 971 3307 inest
988 3262 1134 3313 virulentia
1152 3266 1179 3314 in
1201 3267 1333 3331 Pythago·

250 3317 377 3364 aestiuum
401 3319 468 3367 dican
498 3321 633 3385 diffindere
659 3327 773 3377 insititio
810 3345 881 3380 reos.
904 3357 934 3368 -
955 3337 1036 3386 Uncta
1055 3338 1136 3402 satta]
1165 3341 1210 3392 Sie
1233 3345 1331 3410 iunge,

249 3403 350 3441 somno.
372 3415 402 3428 -
430 3397 558 3446 inertibus
577 3397 672 3463 thoma]
700 3407 772 3466 quet
809 3413 953 3462 mancatis
965 3416 1076 3478 pinqui,
1104 3431 1135 3466 ax
1159 3434 1214 3482 quo
1239 3436 1332 3474 errore

186 3489 192 3496 κ
249 3467 343 3517 dolce
364 3471 419 3532 [ar
437 3474 558 3524 niente.
587 3476 687 3528 Tibull.
703 3482 769 3540 1,1,
809 3491 952 3537 natumest
967 3491 1083 3543 Bentleii
1096 3496 1338 3570 napadco'pbmna‘

155 3541 158 3550 ‘
250 3543 282 3594 bt
301 3545 343 3596 Ma
363 3560 420 3596 meo
434 3558 580 3610 paupertas
595 3557 665 3604 ottae
680 3559 771 3608 trado·
809 3564 891 3613 Uncto
905 3567 979 3626 foeta.
1170 3588 1172 3591 ·

249 3623 436 3671 eminant·
450 3625 558 3688 Ducere]
572 3627 678 3692 ἕλκειν,
693 3636 770 3696 quasi
842 3639 876 3690 65
892 3666 923 3677 -
936 3643 981 3692 67.
1019 3645 1187 3711 0⁴cocnoc]
1219 3666 1330 3716 «acque

249 3697 343 3746 vinum
360 3700 524 3763 obsorbere,
544 3706 663 3756 haurire.
693 3710 767 3773 Virg.
806 3728 919 3766 securae
937 3725 964 3769 et
976 3721 1121 3781 iucundae,
1136 3740 1168 3776 ac
1183 3729 1207 3776 al
1220 3727 1330 3782 common

248 3767 319 3820 hen.
332 3773 359 3831 a,
373 3774 442 3824 'Illa
463 3777 570 3829 Securos
579 3783 668 3832 latices
680 3787 768 3836 aton·
806 3794 913 3843 deornm
933 3809 1022 3848 essem
1035 3799 1097 3863 (οᾱ.
1116 3805 1142 3864 1,
1160 3805 1204 3866 28,
1221 3803 1280 3869 h),
1301 3810 1330 3858 in

189 3861 192 3868 ·
247 3861 283 3911 qa
301 3846 397 3899 obltoa'a
418 3860 525 3914 potant.
563 3859 621 3909 Vel.
636 3862 724 3912 Flacc.
738 3865 765 3924 ct,
805 3876 912 3921 noctem
926 3888 1011 3938 usque
1024 3881 1203 3940 productust»
1218 3883 1330 3937 Comice

247 3923 318 3974 536:
338 3925 431 3990 lonpoc
446 3931 578 3983 domantem
595 3936 691 3988 obliuia
705 3954 767 4001 poa·
803 3945 972 4011 Antiphanes
990 3955 1018 4003 in
1036 3955 1098 4006 line.
1117 3957 1191 4009 Grot.
1213 3975 1240 4023 p.
1258 3961 1327 4013 637:

240 4013 307 4052 nae.
344 4003 411 4058 Stet.
434 4007 581 4072 Silo-ht,
596 4011 646 4065 tt:
672 4017 766 4081 ptprac
802 4023 1060 4104 Btocbecivyotp
1070 4033 1159 4100 ἐστιν,
1171 4031 1245 4089 ὅταν
1255 4033 1328 4112 ἔχῃς
