2842 4808
509 335 579 382 aas
597 333 751 382 nourrcn.
1089 313 1169 385 639

79 473 309 560 Poscentiqne
331 491 470 562 gravem
492 489 657 560 persaepe
681 473 819 540 remittit
840 476 993 559 acutum3

77 595 153 663 Nec
175 613 308 680 semper
329 596 430 663 feriet
454 594 674 680 quodcunque
695 595 874 662 minabitur
893 613 1002 662 arcus.
1105 593 1168 656 350

77 715 205 782 Verum
227 717 283 782 ubi
305 717 403 800 plura
424 716 533 784 nitent
554 716 588 780 in
610 717 771 802 carmine,
793 734 860 780 non
876 735 952 805 'ego
974 718 1091 802 paucis
1144 791 1146 796 ,
1200 767 1202 772 -

79 835 245 904 Offendor
266 837 419 914 maculis,
442 855 525 922 quas
546 840 605 902 aut
626 838 754 906 incuria
775 835 862 902 fudit

78 957 154 1024 Aut
175 957 318 1024 humana
339 977 454 1043 parum
476 958 567 1024 cavit
589 961 718 1025 natura.
762 955 850 1038 erid
872 977 956 1048 crgo
978 952 1059 1026 esti

78 1077 128 1145 Ut
150 1081 297 1164 scriptor
317 1081 346 1144 si
369 1082 490 1165 peccat
510 1079 596 1145 idem
616 1055 772 1146 librarius
793 1097 914 1170 usque,

78 1189 242 1282 Quamvis
264 1203 316 1266 est
338 1201 497 1284 monitus,
518 1200 618 1266 venia
640 1203 749 1285 caret3
772 1204 809 1266 ut
830 1199 1045 1267 citharoedus
1105 1199 1167 1262 355

10 1455 11 1458 ¹
136 1399 160 1449 1.
196 1393 462 1459 casaemarii.
497 1393 839 1458 v.·³5d.litauperscr.n.
854 1394 881 1444 b.
918 1383 945 1446 r}
965 1395 1027 1447 355.
1042 1396 1168 1458 etlth.‚

79 1469 148 1519 ilem
166 1476 303 1520 masec.
323 1478 362 1514 m.
384 1461 429 1528 (Ut
446 1477 510 1521 uos,
531 1463 559 1514 S.
580 1470 607 1515 ct
627 1477 749 1530 capr.
769 1460 819 1526 m.)

120 1566 158 1617 11.
195 1563 466 1636 malbrancum
487 1561 572 1612 ded.
597 1562 678 1612 edere
702 1562 811 1612 volebat
833 1561 916 1625 Cruq.
966 1577 994 1616 v.
1018 1563 1082 1614 353.
1105 1566 1170 1629 prid

79 1637 164 1702 arpo?
183 1634 260 1685 LCT.
297 1647 325 1684 r.
344 1631 406 1682 355.
426 1638 451 1682 ct
468 1633 635 1682 cilborocdur
653 1631 750 1682 LCTF.

117 1738 164 1788 1v.
201 1751 231 1788 r.
248 1735 310 1786 350.
329 1747 481 1799 quommodo
499 1732 585 1783 Codd.
605 1731 671 1798 aliq.

80 1863 221 1928 speciem,
241 1874 323 1926 quam
340 1864 431 1910 menie
452 1858 610 1910 155155551-
646 1885 679 1895 -
696 1854 857 1922 minabitur]
882 1857 1048 1910 «minabitur
1068 1858 1169 1922 scrire,

81 1945 180 1994 demus
206 1939 280 2006 (τὴν
302 1938 381 1990 ἰδέαν
406 1936 462 1989 τοῦ
483 1933 608 2000 καλοῦ),
646 1953 701 2003 quo
728 1953 791 1989 aum
823 1939 956 2002 sagittarii
986 1939 1082 1989 oculus
1115 1954 1171 1992 rnu-

81 2021 227 2086 perrenire
246 2031 362 2081 eamque
382 2017 493 2080 exsequi
511 2020 610 2067 morta·
646 2031 753 2082 unaque
770 2018 889 2080 dirigit.»
903 2044 935 2054 -
952 2015 1091 2083 Offendor]
1110 2019 1172 2070 Nou

80 2101 155 2169 libus
164 2102 291 2162 negatum
301 2110 375 2156 esse;
386 2096 514 2160 quocirca
521 2107 608 2157 acqua
646 2103 687 2148 est
696 2098 811 2147 «modus
821 2097 1040 2157 coniecturalis‚»
1054 2103 1083 2148 ut
1092 2097 1173 2148 disci-

81 2185 110 2230 51
128 2181 251 2230 bumana
267 2178 322 2226 sint
341 2180 435 2226 nostra
455 2174 555 2224 iudicia
575 2173 609 2223 dc
647 2176 725 2240 pulos
746 2175 838 2225 docuit
855 2189 975 2238 nuperus
992 2176 1104 2238 quidam
1117 2176 1173 2226 cdi·

81 2269 254 2308 summorum
272 2255 413 2318 poetarum
432 2253 570 2310 erroribus
583 2255 610 2300 et
646 2258 698 2313 tor,
713 2254 760 2303 scd
773 2253 887 2316 simplex
898 2253 1031 2304 futurum.
1046 2277 1078 2290 ·-
1090 2251 1171 2315 fudit]

82 2336 221 2387 delictis.»
241 2333 318 2397 (Quis
333 2331 609 2382 autemcredalhuuc
646 2332 792 2383 Continuat
816 2332 1003 2394 metaphoram
1027 2330 1171 2393 maculae,

80 2496 109 2548 vi
124 2493 249 2546 croisum
266 2503 326 2541 essa
348 2490 382 2540 ab
404 2491 455 2552 iis,
485 2489 531 2552 qni
553 2502 609 2538 mc·
646 2491 725 2543 sione
740 2491 836 2542 oritur.

80 2575 182 2626 liorem
221 2571 293 2620 Artis
331 2569 452 2634 poeticae
485 2569 608 2618 ordinem

81 2667 167 2717 quam
185 2651 232 2714 qui
245 2649 347 2713 placuit
357 2647 472 2698 Horatio
485 2648 536 2710 ipsi
546 2661 609 2697 con·
669 2649 832 2704 asa-³56.
853 2631 922 2708 Quid
934 2661 995 2712 erpo
1008 2654 1045 2698 eat
1055 2643 1082 2710 i]
1104 2647 1171 2698 nvo.

81 2729 381 2786 stituereconalisuut‘t
394 2724 609 2778 SicBouhierius
647 2744 718 2790 rum,
732 2729 878 2787 uiridem»
894 2728 991 2790 inquil,
1007 2727 1172 2777 «iustissima

81 2827 128 2864 vr.
148 2809 201 2860 357
213 2835 241 2846 -
253 2808 315 2864 300.
341 2806 485 2859 collocarit
506 2809 566 2868 post
582 2818 608 2856 v.
648 2811 699 2859 bac
707 2808 879 2874 excusatione
888 2807 962 2856 abuti
973 2806 1174 2868 possuutetiaus

81 2891 162 2951 378„
182 2887 331 2940 Moilcraut
347 2892 408 2951 post
423 2901 450 2938 r.
469 2885 536 2935 tilla.¹
558 2883 610 2934 Sed
648 2887 713 2938 mali
735 2888 855 2950 politam.
877 2899 994 2948 quorum
1019 2884 1174 2935 defensioni

82 2974 194 3033 praeter
209 2967 334 3030 superius
352 2966 405 3016 boc
420 2978 505 3014 uuum
522 2977 611 3014 exem·
649 2966 758 3016 iamiam
775 2978 946 3015 occurram.»
970 2963 1060 3019 Patet,
1076 2969 1105 3012 ut
1117 2963 1175 3026 opi·
1248 3003 1260 3008 ,

82 3049 161 3114 plum
177 3047 254 3100 istius
270 3045 392 3094 insaniae
402 3043 526 3102 criticae,
541 3054 611 3104 quae
649 3058 714 3102 nor,
734 3058 778 3094 vv,
799 3042 956 3100 347-3532
980 3040 1047 3098 snm
1059 3066 1070 3077 .
1083 3067 1094 3077 .
1106 3042 1176 3092 capp

82 3123 370 3192 aFranclacpSanclio
378 3123 512 3185 originem
522 3120 610 3175 traxit,
633 3128 749 3170 ,555555
767 3131 941 3182 nequaqnam
960 3131 1022 3168 cum
1043 3119 1175 3182 interpro-

84 3198 610 3276 551515555551555055555551115151.
649 3201 720 3249 tibus
753 3197 894 3256 nonnullis
918 3196 1085 3255 tribuendos,
1114 3209 1174 3246 5555

84 3287 206 3340 Gemitus
233 3284 344 3347 quidem
375 3281 421 3332 illc
451 3279 612 3330 Praedilrow
649 3279 711 3328 ticio
734 3277 827 3327 nescio
854 3275 898 3324 cui
921 3275 1096 3333 adversario,
1128 3275 1175 3324 sed

84 3367 120 3416 ab
145 3367 198 3416 hac
217 3369 291 3414 cerie
316 3360 427 3413 stultitia
448 3359 500 3408 sibi
518 3353 610 3419 cavit.)
650 3357 759 3406 intimos
776 3354 881 3404 Horatii
898 3365 994 3402 sensus
1013 3353 1175 3417 exprimere,

42 3481 48 3490 .
84 3471 119 3483 —-
139 3445 208 3494 Tota
227 3448 319 3492 aulem
340 3440 408 3490 haec
431 3437 553 3490 doctrina
579 3436 612 3487 de
651 3436 703 3486 orit
722 3435 744 3484 si
762 3433 849 3484 iutilia
866 3432 981 3495 scriptor
1000 3431 1096 3480 eadem
1114 3444 1177 3492 pur-

86 3524 212 3576 modcslc
248 3520 399 3571 iudicandis
436 3516 612 3578 scriptoribus
650 3515 759 3578 galiano
776 3517 912 3586 uteretur,
928 3510 1001 3558 illico
1017 3507 1176 3558 refutandus
1248 3573 1252 3584 Ι

85 3609 226 3674 primariis
252 3607 362 3670 agragic
389 3604 509 3667 exposita
531 3606 572 3652 est
596 3614 612 3650 a
650 3594 765 3645 eriam·
781 3592 894 3654 scriptor
904 3585 1039 3650 librarius]
1053 3599 1176 3646 «servus,

85 3688 218 3752 Dionysio
230 3686 355 3748 Longino
368 3684 413 3734 33.
428 3697 456 3746 p.
468 3680 514 3731 aa.
528 3685 556 3729 ct
567 3679 612 3728 30.
652 3675 698 3738 qni
722 3670 806 3722 libros
835 3668 964 3720 describit
995 3666 1038 3716 val
1066 3665 1178 3716 domino

87 3783 114 3831 p.
134 3769 180 3818 52.
202 3767 300 3828 liggar.
333 3785 367 3800 -·
395 3775 476 3826 acqua
495 3753 612 3818 altardo]
653 3754 771 3804 litterato
789 3749 833 3802 vei
847 3745 1045 3810 bibliopolam»
1065 3745 1100 3794 55
1113 3757 1179 3808 quo·

86 3845 219 3910 Proponit
232 3843 331 3906 duplex
345 3840 499 3904 exemplum
513 3837 614 3888 erroris
653 3847 715 3882 rum
740 3827 907 3892 negligentia
930 3838 1011 3888 saepe
1033 3825 1179 3887 scriptores

85 3938 143 3975 nou
164 3923 291 3974 cousullo
307 3926 356 3971 aut
375 3919 468 3971 iudicii
484 3917 615 3981 pravitate
652 3913 868 3973 conqueruntur,
881 3927 914 3940 -·
924 3910 1014 3966 procot
1028 3899 1112 3963 5555]
1130 3915 1179 3963 pro
1213 3954 1217 3962 .

86 4001 245 4062 commissi,
273 4001 320 4050 555
343 3999 432 4062 polius
451 3997 616 4046 1551555555-
654 3988 773 4050 uolgari:
789 3988 835 4035 «in
846 3985 941 4046 eodem
952 3985 1074 4045 peccato
1089 3980 1180 4030 ‹ndom

86 4084 122 4133 iis
141 4083 235 4133 minua
256 4077 384 4144 perlectis
402 4074 559 4133 tribuendi,
587 4076 617 4121 ut
655 4071 797 4136 peccatum
814 4076 923 4128 sempor
939 4059 1110 4110 committit.»
1136 4057 1181 4106 Sic

88 4162 253 4226 pierumque
273 4159 324 4222 ipsi
345 4155 478 4208 sermonis
496 4151 615 4215 inopiae.
655 4146 737 4199 ctiam
755 4142 812 4193 Cic.
833 4143 866 4193 de
881 4141 914 4219 N.
931 4140 963 4190 li.
979 4139 1007 4198 1,
1027 4137 1076 4188 12:
1097 4135 1181 4187 Xeno·
