2920 4792
227 265 313 341 184
439 337 441 340 ,
583 281 730 334 ἪοιιΑτιι
752 283 954 334 sarranates

470 717 473 724 κ
555 630 829 724 §aurita
879 633 996 726 ill.

233 837 293 910 Sic
313 859 391 906 raro
413 825 550 925 scribis,
572 823 704 904 ut'toto
727 833 795 904 nou
817 823 936 924 quater
957 823 1075 904 anno'

234 941 464 1028 Membronem
487 975 627 1045 poscas,
648 962 850 1045 scriptorum
872 940 1021 1045 quaeque
1043 956 1222 1044 retexens,
1255 941 1259 950 ³

284 1152 307 1204 l.
345 1153 401 1204 Sat.
421 1153 471 1202 lll.
491 1166 518 1204 v.
538 1154 565 1202 1.
584 1151 627 1202 Sta
644 1165 708 1203 roro
726 1149 834 1214 oculu]
852 1151 935 1204 Sosi
953 1149 1101 1216 imperem.
1112 1147 1237 1212 tamone)
1255 1162 1324 1200 rura

232 1222 323 1272 scribis
342 1222 369 1273 b.
389 1222 418 1272 Si
436 1236 500 1272 roro
519 1222 611 1272 scribes
629 1221 667 1274 ld.
1067 1255 1071 1261 -

273 1317 310 1368 11.
347 1317 403 1369 Sat.
424 1319 475 1368 lll.
495 1331 522 1370 v.
544 1320 570 1368 1.
594 1319 624 1369 Si
642 1333 706 1384 roro
724 1320 814 1370 scribta
832 1319 862 1370 C.

259 1411 310 1464 lll.
348 1414 403 1465 Sat.
423 1415 475 1464 lll.
494 1428 522 1468 r.
543 1415 569 1464 ’1.
589 1414 619 1464 St
635 1429 700 1466 roro
718 1415 812 1466 netto
829 1429 844 1466 e
864 1415 950 1466 Codd.

276 1565 326 1616 111.
373 1566 448 1617 llaec
479 1568 561 1618 satira
591 1567 758 1630 colloquium
797 1569 839 1630 vi,
860 1569 906 1618 sed
922 1567 979 1616 aeri
995 1562 1323 1626 interrogationeipsiex-

233 1645 354 1694 continet
371 1647 467 1706 politae
493 1659 556 1695 cam
576 1645 757 1710 Damasippo,
798 1648 971 1710 pendendum
996 1643 1137 1708 proponit,
1165 1642 1229 1705 quid
1255 1640 1323 1690 mali

233 1722 489 1783 ridiculobomine,¹
499 1725 546 1787 qui
559 1737 759 1787 cumpermer·
797 1739 830 1776 ex
846 1725 895 1774 tali
910 1723 1015 1774 desidia
1031 1723 1165 1772 oriturum
1178 1721 1221 1769 sit.
1240 1719 1323 1769 Prae-

233 1807 356 1853 eaturam
376 1816 434 1852 rem
452 1802 616 1852 familiarem
633 1817 759 1853 consum·
797 1809 870 1852 terea
892 1803 992 1865 optime
1015 1801 1066 1849 sibi
1086 1797 1253 1861 respondent
1279 1796 1324 1846 Sic

232 1881 345 1943 psisset,
380 1880 526 1942 nihilium
547 1881 622 1930 aliud
646 1883 758 1942 agebat,
797 1886 931 1934 roro-ut,
958 1893 1021 1928 cum
1040 1879 1068 1928 in
1091 1877 1181 1944 media
1198 1873 1322 1942 clausula

188 2002 190 2009 s
234 1969 317 2022 quam
341 1949 371 2006 ut
393 1958 483 2008 Stoica
508 1959 593 2012 barba
617 1963 645 2008 et
668 1959 758 2009 abolla
797 1971 929 2022 perquam
959 1957 1026 2028 dura
1052 1957 1087 2004 sit
1113 1954 1225 2004 omissio
1249 1957 1321 2014 part.

233 2036 396 2099 superbiens
421 2036 653 2088 circumforaneus
673 2038 759 2100 pbilo·
797 2037 873 2088 adeo.
912 2033 1038 2098 (delendi
1056 2040 1148 2098 posset
1160 2047 1192 2082 ex
1204 2029 1323 2082 Bentleii

233 2115 336 2178 tophus
353 2115 454 2178 ubique
472 2121 561 2166 sectae
574 2129 640 2166 suae
655 2115 759 2166 lormu·
797 2115 931 2166 sententia
953 2113 1035 2173 etiam
1057 2113 1135 2163 baec.
1150 2111 1246 2160 lectio:
1278 2108 1324 2158 Ss'c

232 2190 309 2244 iasa
326 2193 469 2254 Stertinio,
494 2195 650 2257 importuno
671 2199 758 2245 areta-
796 2207 861 2242 roro
880 2191 991 2252 scribes,
1009 2197 1040 2240 ut
1051 2216 1062 2227 -
1074 2214 1085 2225 ·
1097 2215 1108 2226 ·
1120 2189 1223 2239 mnus?
1251 2187 1322 2250 Quid

232 2269 317 2333 logo,
356 2273 407 2321 sibi
441 2274 552 2324 traditas
590 2274 757 2324 decantaret.
795 2271 977 2336 petiveram
998 2269 1027 2318 in
1045 2273 1159 2331 utraque
1180 2267 1322 2316 rationed

233 2346 314 2400 lluno
336 2351 418 2412 igitur
439 2351 633 2415 llamasippum
655 2353 758 2402 inducit
795 2349 927 2399 Britanno
958 2347 1096 2410 proposita
1123 2345 1214 2395 tuturo
1244 2343 1323 2395 verbi

233 2428 313 2490 poeta
330 2429 394 2492 ipsis
413 2430 601 2482 Saturnalibus
621 2432 648 2480 in
663 2430 757 2484 villam
796 2432 918 2491 tempore
943 2425 1026 2476 nimis
1050 2425 1151 2474 lenitur
1175 2423 1323 2488 reprehen-

233 2503 363 2566 Sabinam
381 2509 529 2562 irruentem
540 2516 569 2559 et
582 2510 756 2566 acerbissima
789 2507 896 2568 ¹sionis,
931 2517 1001 2568 quae
1025 2503 1212 2566 inpraesenti
1235 2503 1320 2562 inest,

144 2587 146 2591 '
234 2595 284 2636 tua
307 2587 350 2637 vel
376 2588 465 2650 polius
490 2588 611 2645 Stertinii
635 2588 757 2640 oratione
796 2581 969 2646 acrimonia.)

232 2666 320 2712 tolum
351 2678 438 2726 genus
462 2666 628 2726 humanum,
661 2664 757 2714 Stoicis
831 2661 926 2710 2-4.
962 2656 1161 2722 Mamercum]
1182 2659 1323 2722 «inquam

234 2743 402 2803 sapientibus
437 2744 575 2804 exceptis,
613 2742 756 2801 stultitiae,
797 2753 828 2788 ex
846 2739 954 2790 tabellis
973 2740 1059 2798 cereis
1071 2739 1210 2790 ueletiam
1224 2737 1322 2799 palim-

233 2823 314 2880 atquo
326 2820 396 2868 adeo
409 2833 440 2868 ex
454 2819 560 2872 Stoicae
570 2819 758 2882 philosophiae
797 2822 886 2880 psesto
903 2810 1067 2868 transcribas
1081 2816 1180 2878 scripta
1193 2821 1268 2864 tua.»
1289 2839 1318 2850 -·

233 2896 400 2954 rationibus,
439 2897 562 2950 insaniae
583 2895 756 2960 ¹arguentem.
795 2892 923 2958 retemtas]
942 2910 984 2958 pr·
999 2895 1098 2946 «telam
1111 2893 1279 2950 retulitne»
1294 2891 1321 2941 it!

233 2971 304 3022 Zeta
317 2986 351 3026 aa
363 2972 551 3026 Hardooarro.
572 2971 688 3039 (Scripta
698 2991 757 3028 esse
797 2977 852 3033 est,
873 2987 960 3036 squae
981 2973 1070 3022 minus
1091 2977 1164 3022 recte
1180 2971 1321 3041 scripsisse

232 3050 340 3101 ridetur
360 3063 386 3100 a.
401 3066 429 3100 u.
444 3065 468 3100 c.
484 3049 563 3114 Μ,
588 3067 650 3104 cum
668 3054 758 3105 Hora.
796 3051 844 3100 tibi
859 3051 976 3110 vitieris,
996 3050 1091 3100 delens
1112 3063 1144 3098 ae
1160 3047 1251 3098 denuo
1273 3047 1322 3096 eli·

233 3127 287 3177 tius
297 3127 422 3179 xxxin.
436 3143 523 3178 annos
536 3136 615 3182 natus
628 3130 721 3196 essct.)
797 3143 902 3180 mans.»
933 3129 1034 3180 Mirum
1044 3133 1085 3180 est
1095 3127 1178 3190 gloss.
1193 3125 1220 3176 in
1234 3125 1319 3176 Codd.

269 3205 295 3253 l.
332 3203 375 3254 Sto
392 3219 457 3255 roro
474 3206 577 3270 scribis]
598 3210 757 3260 Bentleiana
796 3208 867 3272 aliq,
881 3221 1022 3258 ramosam.
1045 3231 1075 3242 -
1098 3202 1204 3266 lautus]
1225 3204 1322 3253 «Tibi-

232 3279 314 3332 iectio
332 3283 360 3333 st
372 3297 437 3333 roro
454 3285 548 3334 scribes
557 3309 565 3342 s
578 3312 587 3326 -
601 3289 689 3355 Qquid
699 3289 757 3352 fiet?
796 3291 852 3336 met
868 3286 919 3349 ipsi
938 3297 1118 3344 succensens,
1140 3283 1213 3346 quod
1238 3281 1322 3332 nimis

176 3353 181 3360 '
230 3356 284 3410 boc
304 3362 441 3411 commodi
458 3362 554 3422 babet,
583 3366 655 3427 quod
663 3409 667 3416 ,,
679 3378 754 3416 amo·
796 3363 877 3425 genio
897 3363 1061 3426 indulgens,
1075 3366 1171 3426 potans
1191 3365 1274 3424 atque
1293 3359 1321 3409 in

213 3442 309 3489 ·vetur
325 3439 436 3489 licentia
452 3440 481 3490 in
496 3441 556 3504 spll.
576 3442 615 3490 bis
633 3456 682 3505 pro
699 3443 758 3492 lon·
795 3441 869 3490 diem
884 3442 1037 3500 dormiens,
1057 3439 1197 3492 nibil-iam
1211 3451 1322 3501 compo-

230 3525 264 3577 αι
289 3522 434 3578 usurpata,
466 3519 513 3566 sod
532 3517 757 3581 languidissimus
796 3531 845 3569 nas
862 3520 991 3582 dignum,
1012 3521 1045 3569 de
1064 3532 1117 3581 quo
1135 3517 1261 3567 homines
1282 3517 1323 3566 lo-

230 3590 261 3642 lit
292 3606 392 3642 sermo.
440 3589 621 3658 (Plerumque
646 3598 756 3660 quidem
796 3603 942 3658 quantur.»
977 3590 1080 3660 (οὐδὲν
1096 3593 1197 3662 ιλόγου
1223 3588 1322 3656 ἄξιον)

228 3669 299 3720 baec
312 3671 453 3732 productio
475 3671 503 3721 in
517 3678 613 3736 quarto
632 3675 757 3724 bexame·
796 3696 827 3710 -
845 3673 884 3725 At
909 3671 988 3737 ipsis]
1025 3672 1147 3723 Alteram
1174 3671 1322 3722 lectionem

227 3747 263 3796 tri
285 3749 371 3808 peda,
402 3749 540 3800 interdum
563 3755 655 3800 tamen
674 3752 756 3806 etiam
794 3758 825 3802 ot
840 3753 990 3816 bicaptam
1005 3765 1065 3802 esse
1082 3755 1229 3813 nonputo:
1249 3753 1323 3800 esset

231 3823 259 3873 in
272 3825 385 3888 reliquis
403 3827 549 3878 iuvenitur.
570 3827 667 3890 lauri.)
686 3829 759 3880 Con-f
794 3832 869 3880 enim
879 3845 954 3882 mera
967 3831 1117 3894 oppositio,
1137 3843 1200 3878 curn
1213 3833 1322 3878 senten·

228 3904 271 3953 tra
293 3902 321 3951 in
340 3898 433 3954 nostra
451 3907 556 3955 ratione
574 3905 754 3969 Damasippus
794 3909 850 3964 tia,
870 3922 952 3972 quam
966 3909 1007 3958 illi
1028 3906 1178 3971 particulae
1190 3906 1249 3956 eius
1262 3904 1322 3954 lau-

223 3979 347 4046 primum
365 3983 509 4044 exprobrat
527 3982 642 4032 Horatio
660 3984 755 4034 intole·
794 3991 866 4042 tores
881 3987 999 4038 tribuere
1010 3987 1153 4040 uidentur,
1173 3983 1262 4045 potius
1278 3995 1321 4032 re-

225 4057 342 4111 rabilem
351 4059 564 4122 negligentiam
584 4059 684 4112 deindo
694 4062 755 4128 bro·
793 4064 914 4127 quinaret
932 4065 1012 4116 ettam
1033 4063 1076 4116 vel
1097 4063 1170 4130 quin.
1200 4060 1239 4114 Ab
1253 4061 1322 4126 tpats
