2856 4782
266 299 318 366 84
624 311 763 358 nonnum
785 300 987 356 saurnanun

266 457 349 525 Nom
372 473 463 543 vaga
485 471 546 538 per
569 454 716 516 veterem
740 448 869 542 dilapso
892 445 1021 512 damma
1037 449 1195 512 culinam¹

264 577 417 642 Volcano
439 593 596 638 summum
618 569 822 656 properabat
845 568 990 632 lambere
1012 569 1146 632 tectum.

266 696 438 762 Convivas
459 692 579 758 avidos
600 708 737 756 coenam
760 706 946 772 servosque
969 690 1124 752 timentes
1197 701 1198 706 ¹
1309 681 1348 740 75

263 815 345 880 'lum
366 831 487 898 rapere
508 815 609 896 atque
632 827 745 874 omnes
767 809 977 894 restinguere
999 808 1101 903 velle*
1114 804 1260 872 videres.

263 935 387 1018 Incipit
409 952 453 998 ex
473 933 530 997 illo
552 932 683 995 montes
705 928 830 1013 Apulia
852 930 952 992 notos

266 1051 449 1121 Ostentare
469 1051 563 1135 mihi,
586 1069 669 1134 quos
691 1051 799 1113 torret
821 1047 990 1113 Atabulus
1012 1048 1046 1110 et
1069 1066 1153 1130 quos
1216 1060 1219 1061 *

262 1171 438 1258 Nunquam
459 1189 671 1254 erepsemus,
694 1171 757 1233 nisi
779 1188 842 1233 nos
864 1169 976 1231 vicina
998 1165 1123 1232 'l'rivici
1276 1141 1279 1154 ’

262 1293 352 1359 mlta
373 1293 575 1375 recepisset,
596 1273 771 1382 lacrimoso
794 1307 862 1352 non
883 1289 954 1352 sine
976 1287 1086 1373 fumo,

262 1409 358 1479 Udos
379 1430 452 1479 cum
474 1411 564 1476 foliis
584 1429 695 1476 ramos
717 1410 835 1474 urente
856 1383 1017 1484 cumino(
1090 1385 1091 1388 ¹

316 1585 339 1639 l.
376 1600 404 1640 v.
423 1584 468 1636 76.
489 1585 573 1635 omnis
590 1583 618 1634 S.

260 1751 332 1798 esset
348 1748 461 1810 hospes,
481 1759 569 1808 paene
582 1745 647 1796 arsit
664 1745 721 1795 eius
739 1746 786 1795 do·
823 1759 888 1808 ergo
902 1746 1029 1796 Horatius
1042 1745 1076 1795 ad
1092 1745 1185 1797 villam
1204 1745 1345 1797 devertit.»

260 1839 338 1886 mus,
359 1826 424 1874 dum
438 1825 545 1883 turdos,
565 1829 592 1873 et
604 1837 650 1874 eos
664 1824 784 1886 quidem,
822 1823 927 1876 henou.
948 1825 979 1872 ln
993 1836 1073 1886 prosa
1086 1837 1143 1872 or.:
1164 1823 1236 1870 «nisi-
1247 1823 1275 1871 in
1289 1821 1346 1871 Tui·

260 1903 288 1954 id
298 1903 370 1965 quod
379 1903 544 1961 ridebamus,
558 1914 665 1950 macros
676 1902 784 1951 veribus
823 1904 919 1954 vicano
935 1907 1197 1964 pernoctassemus.»
1220 1901 1346 1950 Fortasse

260 1979 401 2030 transfixos
411 1982 509 2031 assat.»
520 1979 595 2040 Virg.
605 1976 674 2028 Aen.
683 1979 709 2039 2,
717 1979 783 2028 311:
823 1981 861 2030 ibi
874 1995 981 2044 quoque
995 1981 1093 2043 aliquis
1110 1981 1161 2028 hoc
1181 1981 1232 2028 iter
1244 1979 1346 2029 lacien-

259 2059 313 2108 iam
332 2059 471 2121 prosimus
494 2057 570 2106 ardet
596 2057 732 2120 Ucalepoa.
753 2079 783 2090 —
822 2060 890 2108 tium
919 2059 1013 2110 villam
1051 2059 1215 2122 possidebat.
1270 2058 1346 2107 Ceto·

261 2131 397 2196 Volcano]
424 2133 555 2196 Quinctil,
572 2133 599 2195 8,
612 2135 639 2194 a,
653 2133 785 2198 wl'ol-
822 2152 883 2186 rum
904 2137 1042 2187 Trivicum
1066 2149 1200 2198 nusquam
1226 2141 1345 2198 praeter·

258 2226 352 2264 canam
379 2225 430 2274 pro
458 2213 518 2276 ipae
546 2211 782 2276 volpolaudimus.
822 2229 903 2278 quam
919 2217 946 2281 h.
961 2215 980 2264 l.
997 2220 1179 2272 memoratur;
1200 2227 1230 2262 ex
1248 2214 1345 2263 Roma·

258 2287 326 2342 Sunt
345 2304 440 2343 versus
462 2291 516 2340 duo
536 2290 624 2352 epici,
652 2289 784 2360 παρῳδὶα
822 2295 897 2343 nellii
917 2295 1046 2356 opinione
1064 2299 1105 2344 est
1121 2286 1197 2342 loc'us
1216 2306 1291 2342 nunc
1308 2293 1347 2342 ct·

203 2391 213 2411 .
257 2367 372 2420 sortasse
390 2368 527 2417 Enniana.
548 2390 579 2403 -
600 2363 780 2428 Tamsapore]
820 2375 875 2422 otta
889 2373 1039 2435 appellatus
1047 2377 1073 2420 et
1087 2385 1169 2434 prope
1181 2372 1345 2421 hodiernum

258 2446 345 2500 scena
364 2447 469 2496 iocosa:
489 2457 553 2495 nam
572 2447 689 2508 primum
711 2446 782 2496 avidi
822 2452 923 2499 Triviae
942 2451 1018 2500 situs.
1039 2475 1071 2486 —
1087 2447 1185 2514 ⁴[atarto]
1214 2450 1261 2512 qui
1281 2463 1344 2498 cum

158 2579 160 2584 ,
258 2526 389 2578 convivae
403 2538 434 2574 er
447 2523 556 2574 flamma
567 2525 709 2586 rapiebant
722 2536 782 2572 coe·
820 2533 929 2595 propter
940 2533 1051 2578 ventum
1069 2542 1124 2578 uon
1145 2533 1218 2577 recta
1236 2541 1285 2590 per
1305 2527 1344 2577 su·

257 2617 337 2664 nam,
357 2604 476 2665 itemque
489 2602 576 2662 servi,
596 2603 641 2664 qui
657 2602 680 2648 si
696 2614 780 2650 coena
819 2607 935 2655 marium
959 2607 1033 2655 exire
1059 2611 1164 2668 posset,
1196 2607 1224 2654 in
1249 2607 1343 2668 primis

257 2681 321 2744 igne
349 2682 539 2730 absumeretur
570 2680 714 2739 timebant,
746 2693 781 2728 ne
820 2683 931 2732 Horatio
942 2683 1066 2747 lippienti
1080 2684 1209 2733 molestus
1227 2686 1341 2764 erati-

257 2760 292 2808 ab
307 2759 381 2807 heris
400 2758 623 2815 verberarentur3
644 2755 780 2818 quolactc
817 2759 934 2823 somata]
960 2762 1000 2811 De
1017 2764 1101 2812 nimia
1119 2763 1231 2813 seminis
1253 2763 1343 2825 prolu-

256 2848 396 2908 coenaque
405 2835 433 2882 in
442 2839 498 2884 tuto
515 2835 616 2897 posita,
636 2839 692 2882 tum
706 2834 780 2883 deni·
819 2840 894 2890 sione
905 2841 1019 2903 loquens
1032 2841 1125 2891 Celsus
1138 2841 1165 2902 b,
1179 2842 1223 2890 28.
1237 2849 1342 2890 noctur-

257 2926 310 2976 que
327 2926 422 2962 omnes
441 2917 468 2960 et
484 2913 582 2975 hospes
596 2925 658 2961 cum
681 2913 736 2961 suis
754 2918 781 2962 et
817 2921 1000 2984 naatmupioes
1008 2925 1151 2970 memorat.
1164 2943 1194 2954 —
1208 2915 1342 2981 supinam]

255 2991 386 3042 convivas
408 2991 559 3052 horumque
585 2991 661 3053 pueri
687 2991 778 3051 ignem
817 2996 857 3045 De
881 2998 933 3047 boc
958 3012 1065 3060 quoque
1087 2999 1163 3058 loeo,
1195 2999 1242 3060 qui
1264 2999 1341 3052 nobis

255 3073 404 3130 coeperunt
421 3069 600 3130 restinguere.
616 3091 647 3104 -
664 3067 777 3132 videres]
818 3089 930 3138 spurcus
943 3078 1143 3136 tantummodo,
1164 3090 1220 3126 non
1237 3075 1340 3126 facetus

255 3147 368 3200 «videre
384 3146 498 3206 licebat,
518 3146 541 3194 si
560 3145 731 3209 placuisset.»
817 3153 939 3212 videtur,
964 3155 1000 3202 ita
1025 3155 1199 3204 iudicandum
1219 3155 1285 3215 erit,
1313 3159 1341 3204 ut

817 3229 938 3280 dicamus
952 3233 1023 3296 apud
1038 3233 1173 3282 Romanos
1186 3232 1269 3281 talem
1281 3229 1341 3296 ἐξο·

286 3302 412 3353 'tr-85.
437 3299 533 3366 notos]
553 3303 652 3366 quippe
665 3305 777 3368 patrios.
815 3307 980 3380 ascpmypd»
1006 3324 1054 3373 pro
1077 3309 1192 3360 ridiculo
1217 3311 1340 3362 habitum
1411 3371 1412 3378 ἵ

255 3403 285 3417 -
305 3378 448 3443 Atabulus]
469 3382 571 3432 Seneca
580 3383 612 3444 Q.
622 3383 682 3432 Nat.
692 3384 718 3442 5,
729 3383 776 3433 17:
816 3401 889 3447 esse,
909 3389 942 3436 de
963 3402 1016 3450 quo
1037 3389 1127 3450 palam
1148 3389 1338 3450 loquebantur.

252 3457 382 3524 Atabulus¹
400 3458 523 3520 Apuliam
546 3461 669 3524 infestat,
702 3462 778 3510 Colo·
815 3465 933 3514 Omnino
954 3467 1046 3516 ombia
1059 3469 1126 3516 haec
1143 3467 1214 3520 levia
1234 3469 1340 3518 itineris
1411 3469 1412 3472 ’

209 3579 212 3590 ,
239 3528 443 3598 'briomlappm
463 3537 612 3588 Estventus
625 3538 777 3589 exoriente
815 3543 1006 3603 incommoda,
1039 3559 1175 3607 caupones
1206 3547 1338 3608 maligni,
1411 3537 1412 3572 ³

172 3608 174 3612 ’
252 3611 341 3671 dans,
370 3627 451 3675 quem
475 3613 558 3676 Apuli
581 3617 662 3666 hodie
687 3616 776 3667 Altino
814 3633 884 3683 aqua
913 3618 1085 3681 deterrima,¹
1104 3637 1181 3672 mora
1206 3625 1340 3684 remulci,

253 3693 360 3743 vocant.
382 3713 410 3724 -
435 3690 594 3754 acepsemas]
613 3694 700 3744 torma
722 3709 777 3744 ser·
813 3698 961 3761 lippitudo,
988 3701 1059 3748 turdi
1079 3703 1164 3750 macri
1179 3703 1223 3751 vir
1244 3704 1340 3752 incen-

251 3769 340 3819 monis
363 3769 513 3831 quotidiani
533 3785 582 3832 pro
599 3775 775 3834 erepsissemaa
813 3776 857 3824 dio
876 3778 978 3840 erepti,
998 3777 1088 3827 sumus
1111 3780 1227 3839 camini,
1251 3794 1340 3832 venus

214 3869 217 3878 ,
252 3852 282 3896 ut
301 3859 406 3894 currem
423 3845 478 3895 Sat.
497 3848 523 3903 1,
537 3849 564 3908 9,
578 3849 623 3898 73.
642 3851 735 3898 dictare
747 3851 773 3911 2,
812 3853 938 3904 frustrata
960 3855 1055 3906 festive
1076 3864 1251 3919 opponuntur
1271 3863 1339 3910 ami·

249 3923 278 3984 3,
293 3923 354 3972 loa.
373 3925 455 3973 evasii
467 3924 495 3984 2,
508 3924 535 3984 7,
549 3925 594 3974 68.
615 3949 646 3960 -
669 3925 773 3998 Trivici]
813 3932 891 3982 citiae
913 3933 1028 3994 fructui,
1047 3936 1114 3984 risui
1133 3937 1265 3999 iocisque.

252 4000 362 4063 «oppidi
386 4000 414 4048 in
434 3999 489 4050 flne
513 4001 693 4063 Campaniae,
721 4019 773 4067 quo
846 4010 975 4060 stt-90.
1012 4011 1150 4077 rapimur]
1171 4016 1339 4067 «celerrime

249 4073 772 4144 vehiculaiunctaaccedsrenequeunt;
811 4089 963 4140 vehimur.»
994 4115 1022 4126 -
1053 4089 1196 4156 oppidulo]
1231 4095 1340 4160 ulique-
