2928 4794
249 233 330 302 320
584 253 725 304 nonsart
754 257 993 305 narsuonnnun

247 395 345 480 Quod
368 397 464 482 petiit
486 397 629 482 spernit,
652 400 776 482 repetit
798 397 887 484 quod
908 418 1015 483 nuper
1036 389 1165 481 omisit,
1205 453 1209 458 .

190 563 194 567 -
245 519 449 615 Aestuatei
472 521 563 584 vitae
585 518 797 599 disconvenit
820 519 937 585 ordine
958 499 1048 602 toto,

246 641 373 720 Diruit,
394 640 564 721 aedificat,
586 643 691 706 mutat
713 640 876 725 quadrata
896 635 1077 706 rotundis?
1144 699 1145 702 ,
1194 636 1196 641 ’

232 762 398 834 ¹Insanire
421 764 520 846 putas
542 743 714 826 sollemnia
737 781 787 826 rne
809 781 918 846 neque
939 756 1049 836 rides,

244 882 316 948 Nec
338 881 454 948 medici
477 881 588 948 credis
609 901 671 947 nec
693 885 858 949 curatoris
883 903 986 970 egere
1037 873 1043 882 ’

279 1229 419 1281 cta-103.
457 1227 580 1291 desinat]
604 1229 768 1280 Alluctibus
806 1230 864 1281 solo
882 1229 1014 1293 praetoris
1033 1228 1150 1280 edicto.»
1176 1230 1283 1282 Onna.
1299 1257 1329 1268 -

244 1309 327 1358 maris
344 1309 378 1358 ad
399 1309 521 1358 animum
543 1309 669 1359 transfert
685 1310 767 1360 etiam
805 1323 892 1358 amm
906 1310 987 1358 tutela
998 1305 1126 1370 mearam]
1142 1323 1197 1359 uon
1211 1315 1330 1370 ‹rintorp›

244 1386 301 1436 Cic.
322 1387 387 1438 Aac.
406 1390 433 1450 2,
451 1389 502 1438 302
522 1389 613 1452 ltaque
630 1389 768 1439 aestuabat
805 1393 835 1437 ut
847 1388 924 1436 mulli
939 1388 1041 1447 volunt,
1055 1388 1102 1437 sed
1117 1389 1329 1452 «praesidium»

243 1467 416 1534 dubitatioam
436 1467 558 1517 versabat
577 1481 603 1516 aa
620 1469 650 1518 in
667 1476 768 1519 utrum·
807 1467 878 1516 Illud
905 1468 993 1528 euim,
1022 1473 1137 1516 tutorem
1167 1465 1220 1530 (vel
1240 1469 1331 1531 potius

243 1559 291 1608 qne
304 1550 410 1606 partem
425 1559 479 1596 non
498 1545 583 1594 aulum
600 1552 699 1607 meae,
727 1560 768 1597 oe·
806 1542 974 1605 curatorem)
1000 1546 1101 1594 lrabere
1129 1546 1216 1596 virum
1245 1560 1330 1610 prope

243 1625 394 1672 remelium
408 1637 525 1686 corpore.
547 1647 578 1659 —
597 1623 766 1687 disconvenit]
805 1623 1068 1686 quinquagenarium
1094 1629 1120 1672 et
1146 1637 1212 1674 sana
1237 1631 1331 1676 mente

242 1703 356 1752 verbum
378 1701 573 1762 Horatiauum‚
596 1702 679 1752 etiam
697 1703 765 1766 lipp.
804 1703 968 1773 praeditum,
991 1715 1073 1753 nemo
1086 1703 1270 1753 Romanorum
1290 1705 1331 1752 di-

243 1780 269 1839 1,
290 1781 333 1836 ll,
350 1779 393 1830 18.
415 1794 464 1842 pro
484 1781 647 1841 «discordat,
667 1781 767 1832 discre—
805 1781 895 1837 risset,
911 1782 1013 1831 nedum
1027 1783 1060 1830 de
1073 1795 1102 1831 se
1115 1783 1174 1844 ipso
1188 1782 1329 1833 Horatius.

241 1863 315 1922 patu
349 1882 379 1894 —
411 1855 511 1919 mmet]
544 1859 600 1908 Sale
630 1859 688 1909 Cat.
716 1861 764 1909 202
797 1860 941 1920 flaccus.
962 1860 1105 1911 manifesto
1124 1862 1239 1924 probant
1266 1864 1331 1924 pod-

241 1936 443 1996 Ncucdiraunt,
455 1937 671 2001 aliaaedificant.
691 1938 766 1987 llaec
803 1943 858 1987 tam
877 1939 932 1988 iam
952 1939 1049 1989 iudea
1068 1954 1095 1988 v.
1114 1940 1158 1989 al.
1179 1954 1241 1989 cum
1255 1941 1330 1990 Mae·

71 2079 77 2090 ,
147 2073 150 2076 ,
241 2015 431 2077 etsequeutia
456 2022 542 2065 mutat
562 2017 698 2078 puadma
723 2031 765 2066 ro·
803 2022 898 2067 cenate
911 2018 996 2082 loqui,
1008 2032 1074 2077 nou,
1085 2024 1115 2068 ut
1127 2018 1173 2067 alii
1186 2019 1237 2068 rati
1251 2024 1324 2078 sunt,

240 2094 329 2142 landis
348 2089 436 2155 (nipse
455 2107 503 2144 eur
522 2095 574 2144 lroc
594 2093 764 2154 iaciat‚,sibi
803 2111 864 2146 eum
882 2097 982 2159 populo
994 2097 1119 2146 Romano
1132 2097 1175 2145 vel
1189 2110 1252 2146 cum
1268 2111 1329 2160 per-

239 2171 312 2223 haud
334 2171 504 2236 conscissa)
524 2174 643 2237 speciem
664 2175 766 2225 habeut
802 2187 868 2224 sona
881 2174 953 2231 licta,
968 2189 983 2225 e
997 2176 1086 2226 medic
1097 2175 1198 2239 populo
1207 2181 1327 2238 arrepta.

162 2244 164 2249 ’
240 2253 446 2315 proverbiorum
458 2253 491 2302 de
502 2253 657 2302 bominibus
667 2267 762 2316 parum

194 2339 195 2346 ’
240 2333 292 2382 sibi
313 2333 498 2384 constantibus
520 2347 681 2398 semperque
709 2333 763 2384 alia
836 2331 896 2380 tot.
926 2331 987 2384 105.
1024 2339 1049 2382 et
1073 2357 1084 2368 ·
1105 2356 1117 2370 ·
1141 2329 1327 2395 stoanacberis]

239 2416 330 2462 mente
344 2413 524 2462 versantibus.
557 2413 681 2464 Ceterum
695 2415 761 2463 hoc:
785 2410 909 2458 'Reieeta
923 2410 985 2460 leet.
995 2411 1177 2467 stomacharis,
1192 2423 1262 2474 quae
1272 2411 1329 2460 ido·

237 2505 295 2540 area
307 2493 436 2540 sententia
447 2516 458 2527 ·
470 2517 481 2526 -
493 2492 585 2546 diruit.
598 2494 722 2558 aedificat
735 2495 763 2542 ln
801 2501 851 2538 nea
873 2490 1032 2550 auctoritate
1057 2495 1145 2547 caret,
1175 2490 1327 2540 sententiae

239 2569 344 2620 Horatii
363 2582 479 2631 persona
496 2583 512 2618 a
529 2569 628 2620 talibus
649 2571 762 2634 inceptis
801 2567 840 2615 sic
868 2567 1021 2629 tangendae
1045 2573 1126 2630 atque
1149 2569 1327 2635 explicandae

237 2647 405 2716 alienissima
428 2645 592 2697 facetissime
616 2649 763 2699 ridiculum
801 2651 878 2695 sunt:
901 2659 1083 2710 «quamquam
1099 2661 1128 2696 es
1143 2661 1234 2697 meum
1249 2660 1326 2709 prae·

237 2732 349 2776 enatet
378 2739 544 2788 magnopere
566 2727 670 2776 amieos
690 2729 763 2778 oble·
801 2725 899 2777 sidium
925 2731 1006 2789 atque
1031 2727 1154 2789 alioquin
1180 2739 1212 2776 ex
1239 2727 1326 2776 animi

238 2811 312 2854 ctare
321 2804 446 2853 debebat.
462 2829 493 2838 -
510 2805 763 2855 Inscitiae-sollem-
799 2804 838 2852 tui
868 2805 1000 2856 sententia
1024 2818 1139 2869 meaque
1161 2819 1259 2864 causa,
1291 2818 1326 2854 ne
1382 2857 1386 2863 ,

236 2880 303 2944 nia]
332 2887 361 2933 ut
383 2883 439 2933 Sat.
463 2882 493 2944 ἢ,
515 2883 546 2944 3,
568 2883 617 2932 63:
645 2886 763 2935 insanire
799 2883 926 2932 deridear
947 2885 981 2932 ab
1003 2884 1078 2940 aliis,
1100 2897 1181 2946 aegre
1203 2884 1273 2944 fers,
1302 2885 1325 2932 si

158 2971 162 2979 ·
236 2975 366 3018 arborea,
396 2963 529 3012 «delirare
551 2962 631 3012 solito
650 2976 760 3019 errore.
799 2961 842 3011 vel
862 2961 889 3010 in
908 2975 938 3010 re
954 2962 1056 3012 nullius
1070 2964 1200 3013 momenti
1220 2964 1325 3014 avitae

237 3042 469 3108 quemadmodum
482 3040 586 3092 iaciunt
595 3056 690 3110 ornnes
703 3044 760 3103 alii,
799 3039 952 3101 elegantiae
968 3043 1076 3101 recedo,
1097 3048 1124 3091 et
1136 3043 1264 3091 decorem
1277 3055 1325 3090 ue-

225 3121 303 3172 'adeo
322 3111 458 3183 uiaeque
477 3121 617 3183 castigatio
636 3133 687 3171 nec
707 3123 761 3171 sin·
799 3118 900 3180 gltgo.»
931 3146 959 3156 —
990 3120 1028 3169 De
1047 3127 1070 3169 te
1086 3118 1239 3183 pendeatis]
1268 3135 1325 3172 uon

234 3199 338 3260 gularis
349 3199 441 3262 aliqua
455 3212 520 3249 cura
532 3200 597 3250 mibi
606 3200 759 3252 adhibenda
798 3211 831 3246 eo
845 3210 942 3257 sensu,
963 3211 1016 3261 quo
1039 3200 1135 3263 iisdem
1157 3201 1246 3250 verbis
1267 3204 1325 3250 ute·

171 3311 172 3314 κ
234 3278 296 3328 sit.»
324 3277 381 3328 Cic.
402 3279 435 3328 ad
461 3277 514 3344 att.
537 3279 563 3338 7,
582 3278 618 3333 da,
647 3280 761 3331 Tantam
798 3282 872 3326 retur
891 3278 1016 3327 adulator
1034 3279 1076 3329 vel
1091 3279 1237 3340 parasitus,
1258 3280 1322 3329 sed:

232 3357 315 3420 ὁρίων
332 3357 661 3407 nostramilludaollemae
674 3363 760 3406 tenea·
798 3355 860 3418 aqui
888 3355 974 3406 libera
1003 3357 1139 3408 electione
1167 3372 1230 3408 usus
1258 3365 1323 3408 tuae

231 3448 299 3484 maa.
336 3459 366 3470 -
395 3433 542 3497 curatoria]
576 3436 660 3486 Tutor
680 3437 759 3485 datur
797 3435 929 3484 voluntati
966 3449 1026 3498 sese
1062 3437 1199 3499 applicare
1233 3439 1324 3488 studet

232 3513 382 3577 impuberi,
413 3519 522 3565 curator
551 3514 647 3578 puberi
672 3528 758 3578 usque
796 3515 877 3563 unice
907 3521 1017 3580 propter
1049 3522 1173 3565 mutuum
1197 3517 1323 3566 sincerae

230 3592 264 3640 ad
277 3581 359 3646 XXV,
374 3605 488 3642 annum.
507 3592 568 3641 llll.
590 3593 657 3642 Tab.
676 3593 702 3652 5,
721 3593 756 3642 7:
796 3592 931 3642 amicitiae
944 3593 1095 3644 truclumz»
1115 3609 1157 3644 aa
1175 3596 1228 3643 dir
1245 3596 1322 3645 ban-

230 3669 479 3732 sitammam,
499 3671 757 3736 apnatuaumpenti·
793 3671 894 3734 gand,
927 3685 997 3723 nou:
1030 3687 1090 3722 oon
1119 3674 1172 3722 dir
1201 3674 1322 3723 abbda-

232 3747 345 3812 danque
360 3749 389 3797 in
409 3763 437 3798 eo
456 3751 618 3812 pecuniaque
638 3749 692 3798 aas
707 3761 757 3808 po·
793 3751 885 3812 pand.
918 3773 945 3787 ···
974 3757 998 3800 te
1015 3749 1186 3814 respicientia]
1212 3753 1275 3806 acui
1290 3752 1320 3801 in

228 3819 395 3891 teataasjesto.
435 3829 564 3879 «Furioso
585 3833 611 3876 et
635 3825 756 3880 dementi
794 3827 871 3894 dictis
884 3827 1016 3893 lactisque
1034 3837 1094 3882 tuos
1107 3845 1203 3881 seuam
1222 3845 1257 3880 ne
1269 3845 1321 3880 un·

229 3911 339 3956 curator
356 3907 433 3970 isque
453 3921 502 3970 per
521 3911 674 3968 praetorem
691 3905 755 3971 deti·
793 3920 874 3970 quam
888 3907 988 3970 laedat,
1007 3910 1091 3960 immo
1104 3914 1133 3960 ut
1146 3911 1192 3961 tibi
1206 3912 1321 3961 honesta

229 3984 317 4034 ciente
347 3985 470 4047 legitimo
498 3985 611 4034 dabatur
640 3998 671 4034 er
693 3985 754 4048 lage
793 3986 968 4050 gratificetur,
987 3990 1154 4052 propositum
1167 3995 1207 4039 est
1225 3989 1319 4040 simul-

228 4061 290 4113 Xll.
306 4062 484 4121 Tabularum,
503 4064 598 4112 tatano
614 4063 655 4114 vel
673 4065 754 4115 stulto
792 4078 845 4128 que
859 4066 886 4114 in
898 4067 974 4117 omni
986 4067 1057 4120 vitae
1067 4069 1227 4120 condicione
1241 4082 1320 4132 spem
1336 4094 1339 4101 ι
