2928 4794
533 309 596 354 ιιιι.
616 311 637 356 ι.
680 313 785 358 uersu.
810 315 854 358 ιιι.
1154 296 1235 370 848

147 443 370 528 Respondete
393 463 493 529 peras
514 465 575 512 seu
596 448 713 516 condis
735 453 874 518 amabile
897 471 1048 542 carmen,

147 563 258 630 Prima
281 565 371 630 ieras
392 565 537 631 hederae
560 570 709 634 victricis
731 576 886 654 praemia.
932 571 1060 656 Quodsi
1192 574 1232 636 2⁶

147 683 287 772 Frigida
310 703 460 750 curarum
485 687 633 754 lomenia
654 692 842 775 relinquere
866 710 1000 780 posses,
1078 701 1082 706 '

148 801 221 885 Quo
246 809 457 900 tekcaelestls
479 809 643 892 sapientia
667 808 822 894 duceret,
845 815 922 879 ires.

147 925 221 991 lloe
245 946 345 1010 opus⁷
368 926 430 992 boc
453 927 595 992 studium
618 933 714 1024 parvi
739 949 955 1017 properemus
977 937 1010 1002 et
1032 917 1148 1024 'empliq

147 1041 185 1111 Si
207 1049 338 1131 patriae
359 1049 525 1134 volumus,
548 1053 578 1113 sl
601 1053 697 1117 nobis
718 1055 836 1118 vivere
859 1058 939 1122 carl.

147 1166 260 1232 Debes
282 1167 346 1232 boc
368 1170 465 1240 etlam
488 1172 691 1254 rescribere,
713 1175 742 1236 sl
763 1175 822 1240 tibi
846 1192 947 1244 curae
1190 1173 1233 1236 3⁰

146 1269 302 1392 Quantae
324 1291 503 1356 conveniat
525 1289 720 1376 Munatius,
741 1312 785 1360 an
808 1295 1006 1362 malesarta

197 1462 220 1512 l.
258 1476 284 1515 ι.
305 1463 349 1514 30.
367 1465 403 1516 sit
421 1465 463 1515 bo.
483 1465 552 1518 ltem
571 1466 614 1526 S.‚
634 1467 681 1518 sed
701 1480 836 1531 superscr.
855 1471 905 1525 si„

188 1560 225 1609 ll.
264 1575 290 1611 v.
310 1561 355 1609 30.
374 1563 409 1611 tit
428 1559 478 1612 GS.

170 1657 219 1708 lli.
262 1671 289 1708 r.
309 1657 353 1707 30.
372 1659 395 1706 st
412 1659 460 1708 tibi
478 1673 556 1709 curae
574 1666 612 1710 est
632 1657 680 1721 (est
698 1675 713 1711 e
731 1661 804 1712 coni.
824 1661 949 1727 addidit.)

144 1819 218 1881 gari:
247 1821 289 1868 tus
308 1819 382 1870 ciuile
401 1822 564 1883 respondere,
585 1817 666 1885 (Ptin.
709 1821 916 1890 andanemis»
937 1823 1034 1888 lnquit,
1057 1827 1096 1875 usi
1112 1825 1238 1880 liberare

88 1909 89 1912 ’
144 1897 259 1961 lippit,
282 1893 667 1961 15.)etdeiureresponctere.
707 1906 732 1951 te
752 1915 855 1965 posses,
875 1903 944 1952 nibil
961 1902 1015 1953 lam
1035 1910 1060 1954 te
1077 1904 1230 1968 impediret,

145 2001 176 2012 -
196 1975 309 2026 amomis
327 1973 440 2039 carmen]
460 1976 584 2048 ἐρωτικὰ
604 1984 668 2041 pulo
707 1993 761 2042 quo
784 1981 875 2030 minus
894 1977 1010 2031 caelestis
1038 1979 1165 2046 (manime
1187 1997 1231 2034 su-

144 2060 171 2104 et
188 2050 369 2118 συμποτικά.
398 2081 430 2090 -
457 2051 582 2118 bedense]
604 2056 668 2106 Pro·
707 2057 800 2108 bilonis
814 2072 939 2122 quaeque
953 2062 1104 2124 appetentis
1119 2067 1234 2115 terram·

144 2133 202 2195 prie
225 2131 342 2182 reiertur
362 2133 396 2182 ad
425 2133 559 2195 poeticam
585 2133 668 2183 iacul-
706 2134 1231 2202 quedespieiantis)philosophiaeprae·

144 2217 227 2262 tatem
246 2217 357 2275 propter
371 2212 518 2273 Bacchum,
540 2213 586 2274 qui
607 2211 669 2261 Pin·
706 2215 790 2277 ceptis
815 2214 1014 2266 satisiaeeres.»
1030 2240 1060 2251 -
1074 2215 1131 2266 Hoc
1153 2215 1228 2280 opus]

144 2291 210 2340 daro
232 2289 336 2354 lilthyr.
357 2291 401 2340 Fr.
423 2291 449 2349 3,
471 2290 498 2339 ’1.
519 2296 669 2340 ιιιικισσο-
706 2293 872 2354 sapientiae;
893 2306 957 2357 optus
970 2295 1003 2343 att
1018 2296 1163 2355 actionem,
1178 2301 1232 2344 stu·

142 2367 230 2431 δέτας
244 2367 325 2431 θεός.
347 2366 408 2431 (ou.
429 2370 454 2428 1,
475 2369 501 2427 1,
521 2365 577 2430 29.)
599 2369 668 2417 Tum
706 2371 777 2418 dium
790 2369 824 2419 ad
836 2367 962 2438 θεωρίαν
975 2371 1101 2421 retertur.
1119 2397 1150 2407 -
1166 2386 1232 2435 pur·

144 2460 193 2510 per
211 2460 325 2509 zeugma
343 2449 458 2511 pertinet
476 2447 607 2496 etiamad
626 2460 668 2496 ee·
706 2446 742 2512 vi]
758 2449 1015 2510 uveraesapientlae
1028 2461 1077 2500 uos
1091 2450 1231 2501 tenuiores

143 2532 202 2576 tera
219 2527 293 2574 Fieri
312 2528 416 2585 studia,
443 2527 470 2574 in
493 2527 591 2589 quibus
612 2537 669 2575 om·
706 2539 818 2589 operam
840 2527 904 2576 dare
926 2540 1012 2590 aeque
1034 2537 1178 2592 possumus
1200 2539 1232 2583 ac

144 2605 225 2654 nibus
242 2618 307 2654 eum
324 2606 424 2667 primas
444 2608 533 2667 partes
550 2603 668 2652 laturum
707 2605 802 2654 divite
812 2610 838 2654 et
847 2604 1000 2654 honorati.»
1014 2599 1231 2668 -propsremus]

145 2683 300 2746 pollicetur.
707 2682 756 2733 cir.
771 2684 805 2732 ad
819 2683 886 2746 lipp.
902 2685 927 2742 1,
941 2684 968 2745 2,
984 2683 1030 2733 01.
1045 2707 1077 2719 -
1091 2681 1157 2747 euri]
1177 2681 1232 2732 sut

119 2762 128 2776 ⁴
178 2760 303 2811 20410.
348 2759 459 2824 Friptdu
483 2771 607 2810 curarum
630 2761 669 2824 [o-
706 2775 783 2812 curus
808 2765 862 2817 eet,
901 2761 947 2824 qui
973 2774 1066 2810 seeum
1094 2761 1151 2824 ipse
1177 2774 1231 2811 non

143 2835 247 2901 meatu]
275 2839 364 2887 Unum
383 2839 476 2889 vitium
496 2839 523 2888 in
536 2839 624 2888 amieo
638 2837 670 2886 li·
707 2839 819 2889 dissidet
837 2851 889 2888 neo
907 2840 996 2900 babet,
1016 2853 1066 2888 cur
1084 2839 1232 2902 quidquam

144 2917 209 2966 bere
223 2918 406 2980 reprehendit,
427 2918 497 2981 quod
514 2917 535 2967 is
549 2929 667 2980 quoque,
707 2931 873 2981 magnopere
891 2920 918 2966 ιιι
937 2929 965 2968 ee
985 2918 1166 2982 reprehendat
1178 2923 1230 2967 cet.

146 3001 174 3045 ut
183 2995 341 3058 aequalium
355 2995 487 3059 plerique,
502 2997 587 3045 nimio
600 2994 669 3044 lucri
707 2997 775 3058 llpp.
795 2996 821 3058 1,
841 2997 884 3056 18,
899 2997 965 3046 tot:
986 2997 1055 3060 Quid
1069 2997 1173 3046 minuet
1189 3011 1231 3046 cst·

144 3080 172 3124 et
187 3078 315 3139 quaestus
333 3076 421 3124 studio
435 3073 602 3136 indulgebat.
622 3073 670 3122 Cu·
707 3087 762 3130 ras,
776 3073 839 3137 qutd
852 3079 875 3124 te
888 3074 937 3123 tibi
949 3075 1043 3124 reddat
1056 3075 1178 3124 amicum.

144 3167 237 3202 rarum
248 3153 365 3216 [maesto
374 3151 401 3202 ιι.
417 3151 435 3202 ι.
450 3152 594 3202 manifesto
607 3156 670 3201 sunt

145 3245 176 3282 ea
192 3231 324 3290 lementa,
345 3243 413 3294 quae
427 3244 509 3281 curae
527 3230 608 3280 Floro
621 3228 669 3278 im·
742 3229 866 3279 to-aa.
902 3231 926 3278 st
943 3228 991 3278 ttbt
1008 3223 1100 3290 curae]
1131 3227 1232 3278 011001-

145 3315 259 3374 ponunt,
279 3311 305 3359 id
323 3314 372 3369 est,
391 3309 523 3372 pecuniae
537 3308 669 3371 cupiditas
707 3308 803 3358 liorem
833 3306 978 3356 lectionem
1014 3320 1077 3356 eum
1106 3305 1231 3356 lientlelo

145 3393 226 3452 atque
239 3387 367 3446 ambitio;
387 3388 438 3437 hae
455 3393 545 3436 autem
566 3384 670 3448 paulla-
709 3385 822 3448 praetuli
841 3385 919 3434 alteri
931 3385 975 3433 stt.
1003 3383 1071 3447 llpp.
1092 3384 1116 3445 1,
1134 3383 1160 3439 0,
1181 3383 1231 3433 lit

144 3467 199 3516 tim*
211 3467 372 3532 sesrtperunt
389 3479 421 3515 ae
438 3464 576 3515 retardant
593 3463 670 3526 spiri·
708 3463 736 3513 Sl
746 3470 833 3525 posset
845 3487 856 3498 ·
868 3488 879 3499 ·
890 3455 1010 3525 repulus.
1030 3459 1098 3523 llpp.
1109 3461 1134 3519 1,
1143 3461 1170 3521 l,
1182 3459 1230 3512 3οι

146 3549 187 3595 tus
212 3535 417 3607 generosiores,
443 3543 572 3594 hebetant
595 3543 670 3602 inga-
709 3542 976 3603 impacatpoasum.
996 3538 1151 3588 Pseudotib.
1166 3538 1232 3600 3,1,

145 3624 232 3683 nium,
254 3623 420 3671 imminuunt
433 3623 567 3685 politicam
586 3618 671 3669 iacui·
709 3619 756 3669 aa:
777 3617 830 3667 litu
841 3619 905 3668 mibi
917 3619 1019 3682 reluat,
1036 3617 1059 3665 st
1074 3617 1160 3666 nostri
1177 3629 1233 3666 mu·

145 3685 239 3751 tatem.
266 3699 366 3764 Appul.
379 3701 445 3751 lllet.
458 3699 485 3749 8.
500 3713 527 3763 p.
545 3699 606 3748 510.
620 3697 670 3747 0.:
709 3701 756 3746 tua
777 3707 840 3745 curu
857 3701 911 3753 est,
934 3696 977 3744 Aa
995 3697 1095 3750 minor,
1119 3707 1155 3743 un
1176 3698 1234 3742 tote
1273 3696 1276 3702 '

144 3779 260 3842 fomento
283 3777 476 3828 consuetudinis
505 3782 669 3826 cucestucus.
706 3779 810 3835 pectore
823 3773 970 3824 deciderim.
991 3799 1023 3808 -
1043 3765 1175 3834 mantas]
1189 3770 1234 3818 ln·

146 3853 272 3913 Ceterum
283 3857 311 3905 in
318 3857 440 3920 [omentis
448 3855 553 3920 sriptdts
566 3853 671 3903 nullum
709 3851 772 3902 felir
786 3857 826 3902 est
838 3851 952 3902 mutatio
962 3851 1046 3914 mam
1059 3856 1083 3899 te
1096 3849 1234 3898 conueniat

146 3936 216 3991 inest
228 3931 396 4005 ὁξύμωρον,
412 3945 474 3983 enm
488 3933 583 3984 Celsus
597 3935 673 3995 qual·
711 3925 869 3992 (Muretus),
890 3943 951 3980 cum
970 3932 1079 3992 propter
1095 3924 1235 3975 conciunt·

147 4018 208 4065 tuor
226 4015 361 4063 memoret
379 4025 495 4074 genera,
518 4011 606 4060 osllda
626 4009 672 4058 iri·
710 4015 793 4060 tatem
819 4008 974 4060 necessaria
1000 4007 1032 4056 sit
1056 4003 1179 4055 attractio
1200 4001 1233 4052 ad

148 4093 219 4156 pide,
242 4091 315 4142 eleos
331 4090 453 4140 humida.
472 4111 502 4126 -
517 4081 670 4152 scitaquere]
711 4088 919 4151 praecedentem
941 4085 1074 4136 dativum:
1105 4084 1234 4134 «tautae.
1309 4101 1330 4125 ·.
