2928 4794
530 347 594 394 nra.
617 349 636 392 ι.
680 349 780 393 norsr.
804 349 847 395 ιν.
917 319 922 324 ’
1156 327 1235 396 347

152 487 226 552 Νοιι
251 491 286 550 tu
310 505 434 571 corpus
456 505 532 552 eros
553 490 625 550 stne
648 492 794 571 pectore.
841 489 879 551 lli
904 490 964 552 tibi
986 457 1142 570 fornum,

152 608 192 672 lli
218 610 276 672 tibi
300 608 435 672 divitius
457 606 621 672 dederunt
642 612 812 692 artemque
834 609 976 673 fruendi.

152 727 240 810 Quid
264 732 389 792 voveat
412 728 498 794 dulci
522 730 687 793 nutricula
711 730 814 793 nialus
835 730 985 810 alumno,

204 904 227 952 Ι.
267 905 314 966 lip.
336 904 381 954 lv.
403 919 428 956 ι.
448 905 474 954 ’1,
495 904 620 956 dederunt
638 904 665 954 S.
695 904 762 954 Item
782 918 813 954 ex
832 906 999 955 correctione
1020 905 1046 954 b.
1067 904 1097 954 ln
1118 920 1143 954 c.
1162 907 1236 956 dedo·
1288 881 1289 886 Ἰ

152 980 215 1023 runt
234 987 370 1036 superscr.
390 980 448 1023 ont.
1248 991 1251 994 ·

192 1081 228 1130 11.
268 1095 293 1130 v.
314 1079 338 1130 7.
358 1081 484 1130 dederont
504 1081 534 1130 L.

154 1247 259 1297 egoque
282 1237 307 1283 te
328 1233 472 1296 cognovi.»
498 1259 529 1270 -
553 1235 607 1284 sios
626 1248 675 1298 pe·
714 1235 795 1285 etcui
812 1235 909 1298 gratia,
930 1234 1011 1287 lama.
1033 1235 1157 1285 valetudo
1171 1251 1235 1286 con·

153 1309 238 1374 crore]
261 1327 333 1362 onon
354 1326 415 1362 eras
437 1325 545 1374 excors,
570 1314 676 1364 animus
714 1315 800 1376 tingat
821 1314 928 1363 abunde
956 1318 982 1362 et
1008 1314 1124 1363 mundus
1150 1313 1234 1364 victus

155 1397 215 1442 tuus
235 1398 262 1442 et
281 1397 360 1441 tener
375 1397 433 1441 erat
458 1393 485 1441 in
511 1391 631 1442 amicitia
651 1398 678 1442 et
714 1397 777 1452 cet,
792 1393 856 1455 quid
870 1393 1005 1442 nutricula
1020 1399 1093 1456 optet
1106 1395 1235 1443 mainsio

152 1472 209 1521 reri
224 1472 341 1535 cupidus
359 1477 386 1521 et
404 1471 509 1535 pulchri
522 1485 604 1521 sensu
622 1471 676 1522 eri·
716 1468 832 1535 (ratque
856 1472 923 1521 llaec
947 1472 1057 1530 omnia,
1085 1473 1183 1533 quibus
1200 1485 1236 1521 ne

154 1551 208 1600 mie
223 1550 391 1613 praeditus.»
410 1547 509 1612 (otoo
528 1548 676 1614 Gsfttbt.)
714 1550 971 1602 benevolentissima
979 1551 1091 1612 quidem
1101 1551 1236 1601 nutricula

152 1629 265 1692 Quintil.
281 1628 365 1688 tot,
381 1627 430 1678 15:
447 1635 537 1690 pectus
548 1629 677 1692 estquod
715 1630 818 1680 maiora
835 1631 946 1678 alumno
968 1633 1061 1691 optare
1079 1629 1180 1691 poscit,
1208 1633 1237 1678 tu

152 1710 263 1758 disertos
280 1708 346 1771 facit
363 1713 387 1758 et
399 1708 438 1756 ois
449 1707 551 1756 mentis·
573 1729 604 1742 -
623 1708 678 1771 [or-
715 1721 810 1772 reapse
824 1710 926 1758 babes:
947 1721 1012 1770 ergo
1031 1709 1089 1758 iuro
1110 1714 1154 1757 tua
1172 1721 1236 1758 oon·

152 1783 236 1848 mom]
263 1786 325 1836 Vita
342 1787 453 1848 antiqua
474 1784 591 1836 Tibulli:
621 1787 677 1834 «io-
715 1788 823 1838 dicione
847 1793 990 1838 contentus
1017 1784 1087 1850 eso)
1137 1787 1237 1837 Contra

151 1866 232 1929 spois
249 1865 302 1928 sirit
319 1865 406 1927 [orno
423 1864 542 1926 cultoque
560 1864 677 1926 corporis
715 1867 819 1916 monuit
832 1867 1004 1926 Schmidins,
1024 1867 1060 1916 ita
1080 1865 1236 1916 necessario

152 1943 347 1992 observabilis.»
369 1967 399 1978 -
425 1938 550 2004 divitias]
582 1943 676 2006 quales
714 1946 816 2009 requiri
840 1947 995 2008 eoottpcrtr.
1027 1945 1152 1995 vitiosum
1177 1957 1236 1994 esse

152 2035 212 2072 mox
230 2022 385 2071 accuratius
400 2021 525 2082 designat
542 2035 568 2072 ι.
587 2023 630 2072 11.
651 2027 676 2072 et
714 2026 862 2085 contingat.
901 2024 1000 2072 Verum
1020 2024 1115 2086 quidni
1137 2023 1237 2084 cogita·

152 2100 604 2162 Tibullusipseceso1,1‚rr:
630 2113 677 2164 eqo
715 2103 788 2151 tione
813 2102 875 2150 addi
899 2102 996 2151 liceat:
1028 2103 1165 2164 continqnt
1186 2103 1237 2150 oet

151 2181 513 2241 compositosecurosocorno
530 2179 677 2241 Despiciam
716 2195 790 2232 nnnc
816 2186 843 2230 et
863 2194 990 2244 semper,
1019 2195 1067 2245 per
1092 2187 1175 2230 totam
1201 2181 1237 2230 vi-

151 2259 217 2307 dites
245 2259 435 2321 despiciamque
466 2259 571 2322 summ.
621 2257 676 2307 litsl
715 2263 814 2310 tamt»
843 2260 976 2323 Equidem
994 2261 1022 2310 iu
1044 2260 1170 2309 Lambini
1194 2272 1237 2308 ra·

152 2337 210 2386 eius
220 2337 416 2399 patrimonium
424 2337 544 2386 necisum
558 2342 616 2386 erat
629 2350 677 2400 per
715 2341 789 2392 tione
807 2341 950 2402 acquiesco
962 2354 969 2397 ;
989 2339 1068 2389 video
1081 2339 1155 2388 enirn
1170 2338 1235 2388 lect.

151 2416 359 2467 triumvirorum
390 2417 525 2478 agrariam
558 2415 677 2478 largitio-
716 2419 889 2481 Qotnmerte
909 2416 1005 2467 lalsarn
1025 2407 1171 2475 esee,⁴sod
1189 2427 1237 2466 no·

152 2507 231 2555 nem,
252 2508 324 2558 quac
338 2507 364 2544 a.
381 2509 408 2544 u.
427 2508 452 2544 c.
470 2495 531 2544 713.
570 2493 676 2543 ltaliam
715 2502 786 2547 strae
807 2495 915 2553 farere,
948 2495 1080 2556 Quum-et
1105 2493 1237 2555 Ουαηιυι

152 2576 252 2626 misero
267 2575 433 2638 perturbavit
451 2575 509 2634 vel,
529 2579 558 2622 ut
571 2573 618 2622 alii
631 2587 677 2626 vo·
716 2577 748 2626 iis
762 2573 865 2634 deberi,
886 2575 932 2637 qul
948 2572 1178 2636 comparutionem
1192 2571 1237 2620 de·

152 2655 231 2714 lunt,
265 2667 314 2718 per
344 2655 459 2704 eandem
492 2654 676 2703 calamitatem
715 2656 884 2713 sidentem,
917 2665 1000 2716 quam
1030 2653 1108 2714 poita
1138 2649 1237 2700 cottion

153 2733 678 2786 bellorumciviliumdevastatumdnm·
714 2735 838 2783 iunctura
862 2731 1016 2793 significare
1045 2741 1128 2793 quarn
1148 2728 1237 2791 expri-

152 2817 239 2873 tarot,
289 2813 466 2862 nibilominus
498 2812 524 2861 ei
560 2812 678 2861 restabat
716 2811 915 2868 meremaluit;
944 2822 1054 2873 prorsus
1073 2806 1236 2870 improbabi-

154 2897 227 2942 tanta
249 2893 399 2955 possessio.
421 2896 450 2941 ut
473 2890 507 2939 ad
528 2890 678 2940 liberaliter
716 2892 770 2940 lem
801 2904 860 2940 cose
890 2889 1019 2940 Schmidii
1053 2887 1237 2951 suspicionem

153 2971 302 3022 vivendum
322 2970 402 3020 tactio
425 2973 567 3020 contentus
593 2974 676 3032 esset,
716 2971 824 3020 ductam
842 2983 874 3019 er
894 2982 988 3020 erroro
1008 2967 1073 3018 clo.
1095 2967 1190 3018 Lamb.
1209 2969 1237 3016 ct

154 3049 270 3111 ideoque
306 3049 402 3098 merito
440 3049 510 3099 diors
545 3048 677 3112 appellari
716 3049 831 3112 liraneq.
853 3055 884 3098 ct
902 3050 963 3098 cisi:
996 3047 1081 3108 Quum
1103 3059 1194 3108 supere
1213 3049 1239 3094 ct

155 3133 255 3190 posset.
293 3129 361 3179 Vide
379 3129 497 3178 Dissenii
512 3129 598 3177 Vitam
615 3128 676 3178 Tib.
714 3129 923 3194 sodotpossin
943 3127 1140 3189 quaeserunt,
1158 3129 1238 3186 utque

154 3220 181 3270 p.
195 3207 253 3256 XV.
269 3212 295 3257 et
313 3207 458 3260 Paldarnns
475 3207 569 3256 Erotilr
588 3220 615 3270 p.
632 3207 677 3256 51.
715 3206 846 3257 eiGrotio
856 3209 926 3260 cet..
948 3217 1000 3253 nec
1014 3205 1059 3266 qui
1069 3214 1162 3263 sopore
1174 3213 1237 3250 cum

155 3311 187 3320 -
217 3283 361 3348 dedemt]
401 3287 458 3336 liae
496 3285 677 3349 perlectorum
716 3285 776 3335 aliie
794 3283 924 3346 explicari
941 3295 1039 3346 posse:
1068 3281 1173 3329 «1111»
1194 3277 1236 3330 rol

154 3365 305 3428 quantitate
325 3379 409 3429 saepe
429 3365 471 3414 usi
491 3371 553 3414 suut
570 3367 675 3428 potitae.
717 3377 789 3414 «com
814 3364 837 3411 is
862 3375 954 3423 sopore
978 3361 1082 3422 poscito
1111 3370 1162 3408 neo
1189 3362 1238 3408 «st

154 3445 229 3508 virg.
243 3439 355 3505 Aeni,
373 3445 439 3494 rit:
461 3444 678 3505 Obstopoiststs-
715 3444 770 3501 σπη’,Ι
795 3446 820 3491 et
837 3442 861 3490 si
881 3442 944 3501 oi‚»
979 3451 1031 3489 nec
1055 3450 1119 3488 vero
1144 3448 1238 3486 rursus

154 3530 266 3586 ronique
278 3537 366 3574 comae
379 3530 404 3573 st
417 3535 470 3572 oon
487 3523 604 3587 saucibus
619 3523 678 3571 boo·
715 3535 778 3571 cum
798 3519 875 3570 aliis:
913 3525 963 3568 <rot
987 3519 1010 3566 is
1028 3542 1039 3552 ·
1056 3542 1067 3552 -
1085 3521 1109 3566 st
1125 3521 1156 3564 ot
1175 3516 1236 3564 siro

154 3605 207 3651 sit:
229 3603 331 3666 ubique
344 3602 400 3652 iero
414 3604 558 3666 scriptores
574 3601 677 3650 librarii
717 3600 859 3664 (quonium
897 3598 935 3648 sic
974 3609 1081 3661 quoque
1116 3599 1176 3658 post
1209 3608 1236 3644 v.

155 3682 354 3732 substituerunt
362 3681 497 3745 plusqpt.,
518 3680 679 3752 utbicnon·
715 3676 1236 3742 alumnoprecarioassumeudonessetr

150 3761 236 3813 ‘nulli
665 3791 667 3798 ·
718 3772 816 3822 uquam
829 3759 880 3808 boo
899 3758 987 3822 ipsum
1000 3759 1030 3805 ut
1046 3750 1129 3816 cet»)
1166 3753 1236 3815 Quid

161 3859 163 3864 ·
189 3839 217 3888 8.
254 3835 399 3901 nutricatu]
419 3839 473 3888 alia
487 3837 623 3888 nutricum
633 3849 679 3887 vo·
717 3838 822 3888 multat
835 3838 903 3887 Cum
912 3835 1011 3886 mutari
1021 3835 1081 3885 sine
1089 3833 1164 3896 gravi
1175 3833 1238 3895 poi·

157 3923 182 3967 ta
196 3933 221 3970 ι.
235 3918 308 3981 apud
321 3917 397 3967 Pers.
409 3917 438 3976 2,
452 3915 496 3966 or.
525 3915 677 3975 Iorento,
717 3922 760 3967 tae
788 3917 889 3966 damno
917 3929 952 3966 no
977 3914 1095 3964 litterula
1126 3912 1237 3975 quidern

156 3996 217 4047 289.
256 3997 354 4046 Totam
375 3995 525 4045 clausulam
552 3995 591 4044 sic
610 4007 680 4044 ¹con·
718 3996 810 4057 possit,
823 3994 941 4045 sermoni
949 3993 1118 4056 quotidiano,
1129 3989 1237 4039 sedelo-

158 4075 252 4130 struxit
263 4075 438 4130 Lambinusr,
462 4072 623 4134 «illnowo,-
634 4074 679 4145 qui
719 4073 887 4136 gantissiruo,
905 4077 932 4122 et
949 4071 1081 4122 bombico
1102 4067 1238 4118 Boudeio-

159 4153 364 4216 supercertari
385 4153 470 4216 possit
482 4165 552 4218 quse
571 4151 678 4213 tertiat,
718 4165 771 4215 que
793 4165 842 4202 nos
864 4151 1022 4212 adaptemus
1045 4158 1157 4198 necesse
1174 4144 1242 4196 erite
