<?xml version="1.0" encoding="UTF-8"?>
<!DOCTYPE html PUBLIC "-//W3C//DTD XHTML 1.0 Transitional//EN"
    "http://www.w3.org/TR/xhtml1/DTD/xhtml1-transitional.dtd">
<html xmlns="http://www.w3.org/1999/xhtml" xml:lang="en" lang="en">
 <head>
  <title>
</title>
<meta http-equiv="Content-Type" content="text/html;charset=utf-8" />
  <meta name='ocr-system' content='tesseract 3.04.00' />
  <meta name='ocr-capabilities' content='ocr_page ocr_carea ocr_par ocr_line ocrx_word'/>
</head>
<body>
  <div class='ocr_page' id='page_1' title='image "./qhoratiusflaccu01orelgoog/qhoratiusflaccu01orelgoog_0369.png"; bbox 0 0 2928 4794; ppageno 0'>
   <div class='ocr_carea' id='block_1_1' title="bbox 209 293 953 360">
    <p class='ocr_par' dir='ltr' id='par_1_1' title="bbox 209 293 953 360">
     <span class='ocr_line' id='line_1_1' title="bbox 209 293 953 360; baseline 0.001 -3"><span class='ocrx_word' id='word_1_1' title='bbox 209 294 287 357; x_wconf 74' lang='grc'><strong><em>858</em></strong></span> <span class='ocrx_word' id='word_1_2' title='bbox 553 313 692 360; x_wconf 73' lang='lat' dir='ltr'><strong><em>nondun</em></strong></span> <span class='ocrx_word' id='word_1_3' title='bbox 714 293 953 360; x_wconf 75' lang='lat' dir='ltr'><strong><em>nersnonsnnn</em></strong></span> 
     </span>
    </p>
   </div>
   <div class='ocr_carea' id='block_1_2' title="bbox 187 443 1297 1018">
    <p class='ocr_par' dir='ltr' id='par_1_2' title="bbox 187 443 1297 657">
     <span class='ocr_line' id='line_1_2' title="bbox 187 443 1297 537; baseline -0.004 -21"><span class='ocrx_word' id='word_1_4' title='bbox 187 454 329 516; x_wconf 44' lang='lat' dir='ltr'><strong><em>‘Imbnti</em></strong></span> <span class='ocrx_word' id='word_1_5' title='bbox 352 455 523 536; x_wconf 78' lang='lat' dir='ltr'><strong>spectent:</strong></span> <span class='ocrx_word' id='word_1_6' title='bbox 550 453 628 537; x_wconf 86' lang='lat' dir='ltr'><strong><em>quid</em></strong></span> <span class='ocrx_word' id='word_1_7' title='bbox 652 470 772 517; x_wconf 81' lang='lat' dir='ltr'><strong>censes</strong></span> <span class='ocrx_word' id='word_1_8' title='bbox 793 469 929 516; x_wconf 85' lang='lat' dir='ltr'><strong><em>munere</em></strong></span> <span class='ocrx_word' id='word_1_9' title='bbox 952 453 1080 528; x_wconf 78' lang='lat' dir='ltr'><strong><em>terrae,</em></strong></span> <span class='ocrx_word' id='word_1_10' title='bbox 1278 443 1297 503; x_wconf 81' lang='lat'><strong>5</strong></span> 
     </span>
     <span class='ocr_line' id='line_1_3' title="bbox 210 569 1124 657; baseline 0.001 -24"><span class='ocrx_word' id='word_1_11' title='bbox 210 570 297 651; x_wconf 81' lang='lat' dir='ltr'><strong><em>Quid</em></strong></span> <span class='ocrx_word' id='word_1_12' title='bbox 320 576 418 636; x_wconf 84' lang='lat' dir='ltr'><strong><em>maris</em></strong></span> <span class='ocrx_word' id='word_1_13' title='bbox 440 577 608 637; x_wconf 85' lang='lat' dir='ltr'><strong><em>extremos</em></strong></span> <span class='ocrx_word' id='word_1_14' title='bbox 629 573 764 638; x_wconf 77' lang='lat' dir='ltr'><strong><em>Arabas</em></strong></span> <span class='ocrx_word' id='word_1_15' title='bbox 787 571 925 636; x_wconf 86' lang='lat' dir='ltr'><strong><em>ditantis</em></strong></span> <span class='ocrx_word' id='word_1_16' title='bbox 947 573 982 634; x_wconf 89' lang='lat' dir='ltr'><strong><em>ei</em></strong></span> <span class='ocrx_word' id='word_1_17' title='bbox 1003 569 1124 657; x_wconf 80' lang='lat' dir='ltr'><strong><em>Indos,</em></strong></span> 
     </span>
    </p>

    <p class='ocr_par' dir='ltr' id='par_1_3' title="bbox 210 687 1176 777">
     <span class='ocr_line' id='line_1_4' title="bbox 210 687 1176 777; baseline 0 -23"><span class='ocrx_word' id='word_1_18' title='bbox 210 691 354 756; x_wconf 82' lang='lat' dir='ltr'><strong><em>Ludicra</em></strong></span> <span class='ocrx_word' id='word_1_19' title='bbox 377 691 471 776; x_wconf 81' lang='lat' dir='ltr'><strong><em>quid,</em></strong></span> <span class='ocrx_word' id='word_1_20' title='bbox 494 692 632 777; x_wconf 82' lang='lat' dir='ltr'><strong><em>plausus</em></strong></span> <span class='ocrx_word' id='word_1_21' title='bbox 654 695 687 755; x_wconf 88' lang='lat' dir='ltr'><strong><em>et</em></strong></span> <span class='ocrx_word' id='word_1_22' title='bbox 710 694 804 756; x_wconf 83' lang='lat' dir='ltr'><strong><em>enrici</em></strong></span> <span class='ocrx_word' id='word_1_23' title='bbox 828 691 919 756; x_wconf 82' lang='lat' dir='ltr'><strong><em>dona</em></strong></span> <span class='ocrx_word' id='word_1_24' title='bbox 940 687 1093 773; x_wconf 76' lang='lat' dir='ltr'><strong><em>Quiritis,</em></strong></span> <span class='ocrx_word' id='word_1_25' title='bbox 1169 723 1176 733; x_wconf 86' lang='lat'><em>-</em></span> 
     </span>
    </p>

    <p class='ocr_par' dir='ltr' id='par_1_4' title="bbox 212 802 1141 896">
     <span class='ocr_line' id='line_1_5' title="bbox 212 802 1141 896; baseline 0 -22"><span class='ocrx_word' id='word_1_26' title='bbox 212 809 285 891; x_wconf 81' lang='lat' dir='ltr'><strong><em>Quo</em></strong></span> <span class='ocrx_word' id='word_1_27' title='bbox 308 811 493 896; x_wconf 79' lang='lat' dir='ltr'><strong><em>spectanda</em></strong></span> <span class='ocrx_word' id='word_1_28' title='bbox 515 813 630 894; x_wconf 83' lang='lat' dir='ltr'><strong><em>modo,</em></strong></span> <span class='ocrx_word' id='word_1_29' title='bbox 652 831 717 896; x_wconf 88' lang='lat' dir='ltr'><strong><em>quo</em></strong></span> <span class='ocrx_word' id='word_1_30' title='bbox 740 831 841 876; x_wconf 85' lang='lat' dir='ltr'><strong><em>sensu</em></strong></span> <span class='ocrx_word' id='word_1_31' title='bbox 863 810 982 877; x_wconf 86' lang='lat' dir='ltr'><strong><em>credis.</em></strong></span> <span class='ocrx_word' id='word_1_32' title='bbox 997 815 1031 881; x_wconf 87' lang='lat' dir='ltr'><strong><em>el</em></strong></span> <span class='ocrx_word' id='word_1_33' title='bbox 1054 802 1141 875; x_wconf 68' lang='lat' dir='ltr'><strong><em>ore?</em></strong></span> 
     </span>
    </p>

    <p class='ocr_par' dir='ltr' id='par_1_5' title="bbox 213 931 1038 1018">
     <span class='ocr_line' id='line_1_6' title="bbox 213 931 1038 1018; baseline 0 -24"><span class='ocrx_word' id='word_1_34' title='bbox 213 931 275 1018; x_wconf 85' lang='lat' dir='ltr'><strong><em>Qui</em></strong></span> <span class='ocrx_word' id='word_1_35' title='bbox 299 935 390 999; x_wconf 85' lang='lat' dir='ltr'><strong><em>timet</em></strong></span> <span class='ocrx_word' id='word_1_36' title='bbox 415 933 464 995; x_wconf 77' lang='lat' dir='ltr'><strong><em>itis</em></strong></span> <span class='ocrx_word' id='word_1_37' title='bbox 487 932 647 1014; x_wconf 81' lang='lat' dir='ltr'><strong><em>adverse,</em></strong></span> <span class='ocrx_word' id='word_1_38' title='bbox 670 933 741 998; x_wconf 85' lang='lat' dir='ltr'><strong><em>iere</em></strong></span> <span class='ocrx_word' id='word_1_39' title='bbox 764 934 902 996; x_wconf 84' lang='lat' dir='ltr'><strong><em>miretur</em></strong></span> <span class='ocrx_word' id='word_1_40' title='bbox 923 931 1038 996; x_wconf 88' lang='lat' dir='ltr'><strong><em>eodem</em></strong></span> 
     </span>
    </p>
   </div>
   <div class='ocr_carea' id='block_1_3' title="bbox 216 1057 1298 1242">
    <p class='ocr_par' dir='ltr' id='par_1_6' title="bbox 216 1057 1298 1242">
     <span class='ocr_line' id='line_1_7' title="bbox 216 1057 1298 1242; baseline -0.003 -85"><span class='ocrx_word' id='word_1_41' title='bbox 216 1175 225 1218; x_wconf 45' lang='lat' dir='ltr'><em>l</em></span> <span class='ocrx_word' id='word_1_42' title='bbox 268 1109 376 1242; x_wconf 55' lang='grc'><strong>18115).</strong></span> <span class='ocrx_word' id='word_1_43' title='bbox 397 1109 442 1157; x_wconf 82' lang='lat' dir='ltr'><strong><em>vl.</em></strong></span> <span class='ocrx_word' id='word_1_44' title='bbox 471 1104 509 1170; x_wconf 83' lang='lat' dir='ltr'><strong><em>(v.</em></strong></span> <span class='ocrx_word' id='word_1_45' title='bbox 529 1109 556 1158; x_wconf 84' lang='lat'><strong><em>5.</em></strong></span> <span class='ocrx_word' id='word_1_46' title='bbox 585 1057 693 1162; x_wconf 70' lang='lat' dir='ltr'><strong><em>Habent</em></strong></span> <span class='ocrx_word' id='word_1_47' title='bbox 717 1113 832 1170; x_wconf 80' lang='lat' dir='ltr'><strong><em>spectent</em></strong></span> <span class='ocrx_word' id='word_1_48' title='bbox 850 1103 924 1170; x_wconf 90' lang='lat' dir='ltr'><strong><em>bSc.)</em></strong></span> <span class='ocrx_word' id='word_1_49' title='bbox 971 1121 997 1157; x_wconf 82' lang='lat' dir='ltr'><strong><em>v.</em></strong></span> <span class='ocrx_word' id='word_1_50' title='bbox 1017 1106 1044 1154; x_wconf 90' lang='lat'><strong><em>8.</em></strong></span> <span class='ocrx_word' id='word_1_51' title='bbox 1070 1119 1145 1155; x_wconf 78' lang='lat' dir='ltr'><strong><em>semu</em></strong></span> <span class='ocrx_word' id='word_1_52' title='bbox 1164 1106 1251 1155; x_wconf 78' lang='lat' dir='ltr'><strong><em>cordis</em></strong></span> <span class='ocrx_word' id='word_1_53' title='bbox 1270 1107 1298 1155; x_wconf 83' lang='lat' dir='ltr'><strong><em>b.</em></strong></span> 
     </span>
     <span class='ocr_line' id='line_1_8' title="bbox 217 1191 345 1241; baseline -0.031 -11"><span class='ocrx_word' id='word_1_54' title='bbox 217 1191 282 1241; x_wconf 39' lang='lat' dir='ltr'><strong><em>quon</em></strong></span> <span class='ocrx_word' id='word_1_55' title='bbox 321 1192 345 1226; x_wconf 92' lang='lat' dir='ltr'><strong><em>c.</em></strong></span> 
     </span>
    </p>
   </div>
   <div class='ocr_carea' id='block_1_4' title="bbox 253 1283 731 1347">
    <p class='ocr_par' dir='ltr' id='par_1_7' title="bbox 253 1283 731 1347">
     <span class='ocr_line' id='line_1_9' title="bbox 253 1283 731 1347; baseline -0.002 -15"><span class='ocrx_word' id='word_1_56' title='bbox 253 1285 290 1334; x_wconf 87' lang='lat'><strong><em>11.</em></strong></span> <span class='ocrx_word' id='word_1_57' title='bbox 328 1285 377 1347; x_wconf 81' lang='lat' dir='ltr'><strong><em>Ep.</em></strong></span> <span class='ocrx_word' id='word_1_58' title='bbox 398 1285 443 1333; x_wconf 86' lang='lat' dir='ltr'><strong><em>Vl.</em></strong></span> <span class='ocrx_word' id='word_1_59' title='bbox 472 1298 498 1335; x_wconf 85' lang='lat' dir='ltr'><strong><em>r.</em></strong></span> <span class='ocrx_word' id='word_1_60' title='bbox 518 1285 544 1334; x_wconf 87' lang='lat'><strong><em>5.</em></strong></span> <span class='ocrx_word' id='word_1_61' title='bbox 565 1291 684 1346; x_wconf 79' lang='lat' dir='ltr'><strong><em>spectaui</em></strong></span> <span class='ocrx_word' id='word_1_62' title='bbox 702 1283 731 1332; x_wconf 79' lang='lat' dir='ltr'><strong><em>F.</em></strong></span> 
     </span>
    </p>
   </div>
   <div class='ocr_carea' id='block_1_5' title="bbox 172 1435 1300 2281">
    <p class='ocr_par' dir='ltr' id='par_1_8' title="bbox 172 1435 1300 2123">
     <span class='ocr_line' id='line_1_10' title="bbox 214 1435 1299 1499; baseline -0.002 -13"><span class='ocrx_word' id='word_1_63' title='bbox 214 1438 248 1486; x_wconf 72' lang='lat' dir='ltr'><strong><em>tit</em></strong></span> <span class='ocrx_word' id='word_1_64' title='bbox 264 1451 316 1486; x_wconf 86' lang='lat' dir='ltr'><strong><em>esse</em></strong></span> <span class='ocrx_word' id='word_1_65' title='bbox 331 1439 485 1496; x_wconf 84' lang='lat' dir='ltr'><strong><em>subiectam,</em></strong></span> <span class='ocrx_word' id='word_1_66' title='bbox 505 1451 642 1499; x_wconf 76' lang='lat' dir='ltr'><strong><em>eouemque</em></strong></span> <span class='ocrx_word' id='word_1_67' title='bbox 658 1438 735 1485; x_wconf 85' lang='lat' dir='ltr'><strong><em>uario</em></strong></span> <span class='ocrx_word' id='word_1_68' title='bbox 774 1435 982 1497; x_wconf 82' lang='lat' dir='ltr'><strong><em>distinguendus</em></strong></span> <span class='ocrx_word' id='word_1_69' title='bbox 1022 1435 1076 1493; x_wconf 84' lang='lat' dir='ltr'><strong><em>sit;&#39;</em></strong></span> <span class='ocrx_word' id='word_1_70' title='bbox 1108 1443 1197 1497; x_wconf 84' lang='lat' dir='ltr'><strong><em>neque</em></strong></span> <span class='ocrx_word' id='word_1_71' title='bbox 1232 1445 1299 1484; x_wconf 76' lang='lat' dir='ltr'><strong><em>verb</em></strong></span> 
     </span>
     <span class='ocr_line' id='line_1_11' title="bbox 212 1511 1297 1579; baseline 0 -17"><span class='ocrx_word' id='word_1_72' title='bbox 212 1515 399 1579; x_wconf 74' lang='lat' dir='ltr'><strong><em>multiplicique</em></strong></span> <span class='ocrx_word' id='word_1_73' title='bbox 411 1528 486 1564; x_wconf 82' lang='lat' dir='ltr'><strong><em>cursu</em></strong></span> <span class='ocrx_word' id='word_1_74' title='bbox 499 1529 578 1578; x_wconf 77' lang='lat' dir='ltr'><strong><em>pecus</em></strong></span> <span class='ocrx_word' id='word_1_75' title='bbox 594 1516 736 1563; x_wconf 77' lang='lat' dir='ltr'><strong><em>humanum</em></strong></span> <span class='ocrx_word' id='word_1_76' title='bbox 773 1515 861 1562; x_wconf 80' lang='lat' dir='ltr'><strong><em>obstat</em></strong></span> <span class='ocrx_word' id='word_1_77' title='bbox 877 1511 1041 1561; x_wconf 67' lang='lat' dir='ltr'><strong><em>indicativus</em></strong></span> <span class='ocrx_word' id='word_1_78' title='bbox 1062 1512 1160 1571; x_wconf 75' lang='lat' dir='ltr'><strong><em>credis,</em></strong></span> <span class='ocrx_word' id='word_1_79' title='bbox 1180 1513 1252 1574; x_wconf 91' lang='lat' dir='ltr'><strong><em>quod</em></strong></span> <span class='ocrx_word' id='word_1_80' title='bbox 1271 1527 1297 1562; x_wconf 82' lang='lat' dir='ltr'><strong><em>v.</em></strong></span> 
     </span>
     <span class='ocr_line' id='line_1_12' title="bbox 213 1591 1298 1657; baseline -0.002 -17"><span class='ocrx_word' id='word_1_81' title='bbox 213 1593 372 1657; x_wconf 70' lang='lat' dir='ltr'><strong><em>puluinari,</em></strong></span> <span class='ocrx_word' id='word_1_82' title='bbox 416 1593 460 1642; x_wconf 87' lang='lat' dir='ltr'><strong><em>aed</em></strong></span> <span class='ocrx_word' id='word_1_83' title='bbox 496 1595 614 1654; x_wconf 81' lang='lat' dir='ltr'><strong><em>ipsorum</em></strong></span> <span class='ocrx_word' id='word_1_84' title='bbox 650 1598 736 1645; x_wconf 79' lang='lat' dir='ltr'><strong><em>motus</em></strong></span> <span class='ocrx_word' id='word_1_85' title='bbox 773 1597 834 1654; x_wconf 87' lang='lat' dir='ltr'><strong><em>post</em></strong></span> <span class='ocrx_word' id='word_1_86' title='bbox 845 1591 953 1652; x_wconf 83' lang='lat' dir='ltr'><strong><em>longius</em></strong></span> <span class='ocrx_word' id='word_1_87' title='bbox 969 1591 1141 1644; x_wconf 84' lang='lat' dir='ltr'><strong><em>intervalium</em></strong></span> <span class='ocrx_word' id='word_1_88' title='bbox 1158 1595 1298 1652; x_wconf 84' lang='lat' dir='ltr'><strong><em>tamqnam</em></strong></span> 
     </span>
     <span class='ocr_line' id='line_1_13' title="bbox 214 1669 1298 1736; baseline -0.002 -16"><span class='ocrx_word' id='word_1_89' title='bbox 214 1673 394 1734; x_wconf 68' lang='lat' dir='ltr'><strong><em>scientamque</em></strong></span> <span class='ocrx_word' id='word_1_90' title='bbox 415 1677 439 1720; x_wconf 90' lang='lat' dir='ltr'><strong><em>et</em></strong></span> <span class='ocrx_word' id='word_1_91' title='bbox 460 1671 561 1736; x_wconf 73' lang='lat' dir='ltr'><strong><em>effectus</em></strong></span> <span class='ocrx_word' id='word_1_92' title='bbox 581 1685 598 1718; x_wconf 87' lang='lat' dir='ltr'><strong><em>u</em></strong></span> <span class='ocrx_word' id='word_1_93' title='bbox 615 1671 668 1719; x_wconf 79' lang='lat' dir='ltr'><strong><em>cole</em></strong></span> <span class='ocrx_word' id='word_1_94' title='bbox 680 1683 736 1718; x_wconf 80' lang='lat' dir='ltr'><strong><em>cre-</em></strong></span> <span class='ocrx_word' id='word_1_95' title='bbox 773 1669 968 1733; x_wconf 77' lang='lat' dir='ltr'><strong><em>homonymum</em></strong></span> <span class='ocrx_word' id='word_1_96' title='bbox 982 1669 1153 1718; x_wconf 74' lang='lat' dir='ltr'><strong><em>substituitur</em></strong></span> <span class='ocrx_word' id='word_1_97' title='bbox 1166 1677 1193 1720; x_wconf 75' lang='lat' dir='ltr'><strong><em>b.</em></strong></span> <span class='ocrx_word' id='word_1_98' title='bbox 1204 1679 1298 1718; x_wconf 73' lang='lat' dir='ltr'><strong><em>murce.</em></strong></span> 
     </span>
     <span class='ocr_line' id='line_1_14' title="bbox 214 1748 1300 1811; baseline -0.002 -13"><span class='ocrx_word' id='word_1_99' title='bbox 214 1750 260 1799; x_wconf 83' lang='lat' dir='ltr'><strong><em>bro</em></strong></span> <span class='ocrx_word' id='word_1_100' title='bbox 279 1751 442 1798; x_wconf 73' lang='lat' dir='ltr'><strong><em>immutari.»</em></strong></span> <span class='ocrx_word' id='word_1_101' title='bbox 471 1749 561 1799; x_wconf 82' lang='lat' dir='ltr'><strong><em>Liberi</em></strong></span> <span class='ocrx_word' id='word_1_102' title='bbox 581 1755 643 1797; x_wconf 91' lang='lat' dir='ltr'><strong><em>sunt</em></strong></span> <span class='ocrx_word' id='word_1_103' title='bbox 657 1749 737 1810; x_wconf 77' lang='lat' dir='ltr'><strong><em>igitur</em></strong></span> <span class='ocrx_word' id='word_1_104' title='bbox 774 1748 827 1796; x_wconf 74' lang='lat' dir='ltr'><strong><em>Atii</em></strong></span> <span class='ocrx_word' id='word_1_105' title='bbox 841 1749 999 1811; x_wconf 82' lang='lat' dir='ltr'><strong><em>discerpunt</em></strong></span> <span class='ocrx_word' id='word_1_106' title='bbox 1010 1748 1101 1797; x_wconf 88' lang='lat' dir='ltr'><strong><em>locum</em></strong></span> <span class='ocrx_word' id='word_1_107' title='bbox 1119 1749 1203 1809; x_wconf 82' lang='lat' dir='ltr'><strong><em>signis</em></strong></span> <span class='ocrx_word' id='word_1_108' title='bbox 1217 1749 1300 1797; x_wconf 83' lang='lat' dir='ltr'><strong><em>inter·</em></strong></span> 
     </span>
     <span class='ocr_line' id='line_1_15' title="bbox 214 1822 1297 1892; baseline -0.001 -16"><span class='ocrx_word' id='word_1_109' title='bbox 214 1829 370 1891; x_wconf 78' lang='lat' dir='ltr'><strong><em>philosophi</em></strong></span> <span class='ocrx_word' id='word_1_110' title='bbox 387 1822 462 1887; x_wconf 86' lang='lat' dir='ltr'><strong><em>(nam</em></strong></span> <span class='ocrx_word' id='word_1_111' title='bbox 473 1839 529 1875; x_wconf 91' lang='lat' dir='ltr'><strong><em>non</em></strong></span> <span class='ocrx_word' id='word_1_112' title='bbox 544 1827 577 1875; x_wconf 87' lang='lat' dir='ltr'><strong><em>de</em></strong></span> <span class='ocrx_word' id='word_1_113' title='bbox 593 1827 657 1875; x_wconf 88' lang='lat' dir='ltr'><strong><em>solis</em></strong></span> <span class='ocrx_word' id='word_1_114' title='bbox 675 1827 737 1892; x_wconf 82' lang='lat' dir='ltr'><strong><em>Epi·</em></strong></span> <span class='ocrx_word' id='word_1_115' title='bbox 774 1827 923 1887; x_wconf 79' lang='lat' dir='ltr'><strong><em>rogationis</em></strong></span> <span class='ocrx_word' id='word_1_116' title='bbox 945 1827 1038 1888; x_wconf 90' lang='lat' dir='ltr'><strong><em>positis</em></strong></span> <span class='ocrx_word' id='word_1_117' title='bbox 1059 1831 1119 1888; x_wconf 87' lang='lat' dir='ltr'><strong><em>post</em></strong></span> <span class='ocrx_word' id='word_1_118' title='bbox 1134 1839 1178 1876; x_wconf 81' lang='lat' dir='ltr'><strong><em>vv.</em></strong></span> <span class='ocrx_word' id='word_1_119' title='bbox 1197 1833 1297 1882; x_wconf 75' lang='lat' dir='ltr'><strong><em>terroe,</em></strong></span> 
     </span>
     <span class='ocr_line' id='line_1_16' title="bbox 215 1903 1300 1968; baseline -0.001 -13"><span class='ocrx_word' id='word_1_120' title='bbox 215 1907 303 1956; x_wconf 88' lang='lat' dir='ltr'><strong><em>eureis</em></strong></span> <span class='ocrx_word' id='word_1_121' title='bbox 332 1903 420 1968; x_wconf 72' lang='lat' dir='ltr'><strong><em>agite)</em></strong></span> <span class='ocrx_word' id='word_1_122' title='bbox 452 1907 487 1954; x_wconf 81' lang='lat' dir='ltr'><strong><em>ab</em></strong></span> <span class='ocrx_word' id='word_1_123' title='bbox 518 1906 550 1953; x_wconf 87' lang='lat' dir='ltr'><strong><em>iis</em></strong></span> <span class='ocrx_word' id='word_1_124' title='bbox 579 1906 735 1965; x_wconf 85' lang='lat' dir='ltr'><strong><em>timoribus,</em></strong></span> <span class='ocrx_word' id='word_1_125' title='bbox 776 1905 982 1966; x_wconf 82' lang='lat' dir='ltr'><strong><em>ludos,Quiritis</em></strong></span> <span class='ocrx_word' id='word_1_126' title='bbox 992 1905 1201 1967; x_wconf 81' lang='lat' dir='ltr'><strong><em>etexplicantes:</em></strong></span> <span class='ocrx_word' id='word_1_127' title='bbox 1211 1905 1300 1966; x_wconf 77' lang='lat' dir='ltr'><strong><em>«Quid</em></strong></span> 
     </span>
     <span class='ocr_line' id='line_1_17' title="bbox 172 1983 1299 2047; baseline -0.001 -15"><span class='ocrx_word' id='word_1_128' title='bbox 172 2008 181 2014; x_wconf 96' lang='lat'>-</span> <span class='ocrx_word' id='word_1_129' title='bbox 216 1997 284 2047; x_wconf 87' lang='lat' dir='ltr'><strong><em>quos</em></strong></span> <span class='ocrx_word' id='word_1_130' title='bbox 298 1983 407 2046; x_wconf 85' lang='lat' dir='ltr'><strong><em>popello</em></strong></span> <span class='ocrx_word' id='word_1_131' title='bbox 416 1984 601 2045; x_wconf 86' lang='lat' dir='ltr'><strong><em>superstitioso</em></strong></span> <span class='ocrx_word' id='word_1_132' title='bbox 616 1984 737 2032; x_wconf 82' lang='lat' dir='ltr'><strong><em>incutere</em></strong></span> <span class='ocrx_word' id='word_1_133' title='bbox 775 1995 885 2042; x_wconf 88' lang='lat' dir='ltr'><strong><em>censes,</em></strong></span> <span class='ocrx_word' id='word_1_134' title='bbox 915 1983 986 2044; x_wconf 84' lang='lat' dir='ltr'><strong><em>quod</em></strong></span> <span class='ocrx_word' id='word_1_135' title='bbox 1012 1985 1108 2032; x_wconf 80' lang='lat' dir='ltr'><strong><em>attinet</em></strong></span> <span class='ocrx_word' id='word_1_136' title='bbox 1128 1984 1163 2032; x_wconf 86' lang='lat' dir='ltr'><strong><em>ad</em></strong></span> <span class='ocrx_word' id='word_1_137' title='bbox 1184 1995 1299 2032; x_wconf 82' lang='lat' dir='ltr'><strong><em>munera</em></strong></span> 
     </span>
     <span class='ocr_line' id='line_1_18' title="bbox 217 2061 1300 2123; baseline -0.002 -11"><span class='ocrx_word' id='word_1_138' title='bbox 217 2062 306 2112; x_wconf 86' lang='lat' dir='ltr'><strong><em>solent</em></strong></span> <span class='ocrx_word' id='word_1_139' title='bbox 324 2061 517 2111; x_wconf 79' lang='lat' dir='ltr'><strong><em>mathematici.</em></strong></span> <span class='ocrx_word' id='word_1_140' title='bbox 775 2065 863 2113; x_wconf 79' lang='lat' dir='ltr'><strong><em>terrae</em></strong></span> <span class='ocrx_word' id='word_1_141' title='bbox 875 2063 908 2109; x_wconf 76' lang='lat' dir='ltr'><strong><em>‘le</em></strong></span> <span class='ocrx_word' id='word_1_142' title='bbox 938 2061 980 2110; x_wconf 84' lang='lat' dir='ltr'><strong><em>vel</em></strong></span> <span class='ocrx_word' id='word_1_143' title='bbox 998 2062 1076 2123; x_wconf 87' lang='lat' dir='ltr'><strong><em>peius</em></strong></span> <span class='ocrx_word' id='word_1_144' title='bbox 1094 2063 1190 2110; x_wconf 82' lang='lat' dir='ltr'><strong><em>etiam:</em></strong></span> <span class='ocrx_word' id='word_1_145' title='bbox 1211 2061 1300 2122; x_wconf 78' lang='lat' dir='ltr'><strong><em>«Quo-</em></strong></span> 
     </span>
    </p>

    <p class='ocr_par' dir='ltr' id='par_1_9' title="bbox 190 2137 1300 2281">
     <span class='ocr_line' id='line_1_19' title="bbox 249 2137 1300 2202; baseline -0.002 -13"><span class='ocrx_word' id='word_1_146' title='bbox 249 2141 306 2189; x_wconf 86' lang='lat'><strong><em>5-</em></strong></span> <span class='ocrx_word' id='word_1_147' title='bbox 317 2140 343 2189; x_wconf 89' lang='lat'><strong><em>8.</em></strong></span> <span class='ocrx_word' id='word_1_148' title='bbox 381 2137 510 2201; x_wconf 78' lang='lat' dir='ltr'><strong><em>spectent]</em></strong></span> <span class='ocrx_word' id='word_1_149' title='bbox 530 2139 737 2190; x_wconf 84' lang='lat' dir='ltr'><strong><em>Coniunctivum</em></strong></span> <span class='ocrx_word' id='word_1_150' title='bbox 776 2139 857 2188; x_wconf 89' lang='lat' dir='ltr'><strong><em>modo</em></strong></span> <span class='ocrx_word' id='word_1_151' title='bbox 869 2151 964 2188; x_wconf 82' lang='lat' dir='ltr'><strong><em>censes</em></strong></span> <span class='ocrx_word' id='word_1_152' title='bbox 978 2141 1093 2202; x_wconf 85' lang='lat' dir='ltr'><strong><em>spectari</em></strong></span> <span class='ocrx_word' id='word_1_153' title='bbox 1106 2140 1300 2202; x_wconf 74' lang='lat' dir='ltr'><strong><em>decipientibus</em></strong></span> 
     </span>
     <span class='ocr_line' id='line_1_20' title="bbox 190 2213 1300 2281; baseline -0.004 -11"><span class='ocrx_word' id='word_1_154' title='bbox 190 2219 324 2272; x_wconf 74' lang='lat' dir='ltr'><strong><em>‘firment</em></strong></span> <span class='ocrx_word' id='word_1_155' title='bbox 344 2219 401 2270; x_wconf 75' lang='lat' dir='ltr'><strong><em>,moi</em></strong></span> <span class='ocrx_word' id='word_1_156' title='bbox 427 2223 453 2266; x_wconf 91' lang='lat' dir='ltr'><strong><em>ot</em></strong></span> <span class='ocrx_word' id='word_1_157' title='bbox 480 2217 610 2270; x_wconf 86' lang='lat' dir='ltr'><strong><em>Schmidii</em></strong></span> <span class='ocrx_word' id='word_1_158' title='bbox 636 2219 736 2275; x_wconf 62' lang='lat' dir='ltr'><strong><em>codem</em></strong></span> <span class='ocrx_word' id='word_1_159' title='bbox 777 2217 829 2266; x_wconf 87' lang='lat' dir='ltr'><strong><em>iltis</em></strong></span> <span class='ocrx_word' id='word_1_160' title='bbox 845 2213 882 2280; x_wconf 80' lang='lat' dir='ltr'><strong><em>(v.</em></strong></span> <span class='ocrx_word' id='word_1_161' title='bbox 897 2214 936 2281; x_wconf 80' lang='lat'><strong><em>3.)</em></strong></span> <span class='ocrx_word' id='word_1_162' title='bbox 957 2229 1071 2268; x_wconf 83' lang='lat' dir='ltr'><strong><em>munera</em></strong></span> <span class='ocrx_word' id='word_1_163' title='bbox 1085 2221 1215 2269; x_wconf 78' lang='lat' dir='ltr'><strong><em>terraet»</em></strong></span> <span class='ocrx_word' id='word_1_164' title='bbox 1235 2223 1300 2277; x_wconf 69' lang='lat' dir='ltr'><strong><em>cot„</em></strong></span> 
     </span>
    </p>
   </div>
   <div class='ocr_carea' id='block_1_6' title="bbox 110 2295 1301 2361">
    <p class='ocr_par' dir='ltr' id='par_1_10' title="bbox 110 2295 1301 2361">
     <span class='ocr_line' id='line_1_21' title="bbox 110 2295 1301 2361; baseline -0.003 -14"><span class='ocrx_word' id='word_1_165' title='bbox 110 2307 128 2361; x_wconf 67' lang='lat' dir='ltr'><strong>j</strong></span> <span class='ocrx_word' id='word_1_166' title='bbox 215 2301 318 2354; x_wconf 64' lang='lat' dir='ltr'><strong><em>contre</em></strong></span> <span class='ocrx_word' id='word_1_167' title='bbox 334 2301 461 2359; x_wconf 84' lang='lat' dir='ltr'><strong><em>quattuor</em></strong></span> <span class='ocrx_word' id='word_1_168' title='bbox 486 2295 611 2347; x_wconf 82' lang='lat' dir='ltr'><strong><em>Moneco.</em></strong></span> <span class='ocrx_word' id='word_1_169' title='bbox 637 2297 739 2345; x_wconf 87' lang='lat' dir='ltr'><strong><em>hahent</em></strong></span> <span class='ocrx_word' id='word_1_170' title='bbox 777 2307 839 2344; x_wconf 86' lang='lat' dir='ltr'><strong><em>cum</em></strong></span> <span class='ocrx_word' id='word_1_171' title='bbox 849 2296 896 2344; x_wconf 74' lang='lat' dir='ltr'><strong><em>sits</em></strong></span> <span class='ocrx_word' id='word_1_172' title='bbox 912 2296 1070 2357; x_wconf 76' lang='lat' dir='ltr'><strong><em>«Quomodo</em></strong></span> <span class='ocrx_word' id='word_1_173' title='bbox 1079 2296 1227 2359; x_wconf 84' lang='lat' dir='ltr'><strong><em>spectanda</em></strong></span> <span class='ocrx_word' id='word_1_174' title='bbox 1238 2307 1301 2345; x_wconf 70' lang='lat' dir='ltr'><strong><em>ceu·</em></strong></span> 
     </span>
    </p>
   </div>
   <div class='ocr_carea' id='block_1_7' title="bbox 202 2374 1305 3452">
    <p class='ocr_par' dir='ltr' id='par_1_11' title="bbox 202 2374 1305 3452">
     <span class='ocr_line' id='line_1_22' title="bbox 202 2374 1301 2437; baseline -0.002 -13"><span class='ocrx_word' id='word_1_175' title='bbox 202 2375 402 2434; x_wconf 76' lang='lat' dir='ltr'><strong><em>indicativum.</em></strong></span> <span class='ocrx_word' id='word_1_176' title='bbox 428 2374 495 2423; x_wconf 90' lang='lat' dir='ltr'><strong><em>Vide</em></strong></span> <span class='ocrx_word' id='word_1_177' title='bbox 511 2374 690 2424; x_wconf 80' lang='lat' dir='ltr'><strong><em>Schmidiunr.</em></strong></span> <span class='ocrx_word' id='word_1_178' title='bbox 707 2397 735 2409; x_wconf 92' lang='lat'><em>-</em></span> <span class='ocrx_word' id='word_1_179' title='bbox 777 2387 819 2424; x_wconf 91' lang='lat' dir='ltr'><strong><em>ses</em></strong></span> <span class='ocrx_word' id='word_1_180' title='bbox 833 2385 946 2423; x_wconf 88' lang='lat' dir='ltr'><strong><em>munera</em></strong></span> <span class='ocrx_word' id='word_1_181' title='bbox 957 2374 1301 2437; x_wconf 72' lang='lat' dir='ltr'><strong><em>terrae,-·qu0sensu,di</em></strong></span> 
     </span>
     <span class='ocr_line' id='line_1_23' title="bbox 215 2450 1302 2516; baseline 0 -14"><span class='ocrx_word' id='word_1_182' title='bbox 215 2450 284 2514; x_wconf 78' lang='lat' dir='ltr'><strong><em>Quid</em></strong></span> <span class='ocrx_word' id='word_1_183' title='bbox 303 2450 403 2514; x_wconf 78' lang='lat' dir='ltr'><strong><em>censes]</em></strong></span> <span class='ocrx_word' id='word_1_184' title='bbox 433 2453 489 2502; x_wconf 87' lang='lat' dir='ltr'><strong><em>Cic.</em></strong></span> <span class='ocrx_word' id='word_1_185' title='bbox 507 2455 541 2503; x_wconf 89' lang='lat' dir='ltr'><strong><em>de</em></strong></span> <span class='ocrx_word' id='word_1_186' title='bbox 558 2455 624 2516; x_wconf 84' lang='lat' dir='ltr'><strong><em>Rep.</em></strong></span> <span class='ocrx_word' id='word_1_187' title='bbox 645 2455 670 2508; x_wconf 83' lang='grc'><strong><em>1,</em></strong></span> <span class='ocrx_word' id='word_1_188' title='bbox 686 2453 736 2500; x_wconf 73' lang='lat'><strong><em>312</em></strong></span> <span class='ocrx_word' id='word_1_189' title='bbox 777 2465 820 2512; x_wconf 88' lang='lat' dir='ltr'><strong><em>co,</em></strong></span> <span class='ocrx_word' id='word_1_190' title='bbox 836 2451 1235 2515; x_wconf 66' lang='lat' dir='ltr'><strong><em>storeis-muneramus]</em></strong></span> <span class='ocrx_word' id='word_1_191' title='bbox 1254 2467 1302 2502; x_wconf 87' lang='lat' dir='ltr'><strong><em>au·</em></strong></span> 
     </span>
     <span class='ocr_line' id='line_1_24' title="bbox 216 2532 1301 2597; baseline 0.002 -18"><span class='ocrx_word' id='word_1_192' title='bbox 216 2533 284 2597; x_wconf 84' lang='lat' dir='ltr'><strong><em>Quid</em></strong></span> <span class='ocrx_word' id='word_1_193' title='bbox 296 2545 389 2590; x_wconf 79' lang='lat' dir='ltr'><strong><em>censes,</em></strong></span> <span class='ocrx_word' id='word_1_194' title='bbox 410 2533 461 2580; x_wconf 80' lang='lat' dir='ltr'><strong><em>uisi</em></strong></span> <span class='ocrx_word' id='word_1_195' title='bbox 476 2532 544 2594; x_wconf 89' lang='lat' dir='ltr'><strong><em>quod</em></strong></span> <span class='ocrx_word' id='word_1_196' title='bbox 556 2538 594 2581; x_wconf 81' lang='lat' dir='ltr'><strong><em>ett</em></strong></span> <span class='ocrx_word' id='word_1_197' title='bbox 606 2539 668 2581; x_wconf 82' lang='lat' dir='ltr'><strong><em>oute</em></strong></span> <span class='ocrx_word' id='word_1_198' title='bbox 681 2545 739 2580; x_wconf 81' lang='lat' dir='ltr'><strong><em>octe·</em></strong></span> <span class='ocrx_word' id='word_1_199' title='bbox 777 2546 848 2591; x_wconf 86' lang='lat' dir='ltr'><strong><em>rum,</em></strong></span> <span class='ocrx_word' id='word_1_200' title='bbox 863 2539 1023 2594; x_wconf 75' lang='lat' dir='ltr'><strong><em>eugenium,</em></strong></span> <span class='ocrx_word' id='word_1_201' title='bbox 1043 2547 1173 2583; x_wconf 83' lang='lat' dir='ltr'><strong><em>marmor.</em></strong></span> <span class='ocrx_word' id='word_1_202' title='bbox 1195 2559 1224 2568; x_wconf 90' lang='lat'>-</span> <span class='ocrx_word' id='word_1_203' title='bbox 1244 2544 1301 2581; x_wconf 85' lang='lat' dir='ltr'><strong><em>mu·</em></strong></span> 
     </span>
     <span class='ocr_line' id='line_1_25' title="bbox 216 2601 1302 2672; baseline 0.001 -15"><span class='ocrx_word' id='word_1_204' title='bbox 216 2601 276 2657; x_wconf 81' lang='lat' dir='ltr'><strong><em>lot?</em></strong></span> <span class='ocrx_word' id='word_1_205' title='bbox 295 2623 343 2671; x_wconf 87' lang='lat' dir='ltr'><strong><em>pro</em></strong></span> <span class='ocrx_word' id='word_1_206' title='bbox 365 2609 393 2658; x_wconf 84' lang='lat' dir='ltr'><strong><em>S.</em></strong></span> <span class='ocrx_word' id='word_1_207' title='bbox 407 2609 505 2660; x_wconf 86' lang='lat' dir='ltr'><strong><em>Roscio</em></strong></span> <span class='ocrx_word' id='word_1_208' title='bbox 523 2610 572 2658; x_wconf 82' lang='lat'><strong><em>17:</em></strong></span> <span class='ocrx_word' id='word_1_209' title='bbox 594 2609 663 2672; x_wconf 83' lang='lat' dir='ltr'><strong><em>Quid</em></strong></span> <span class='ocrx_word' id='word_1_210' title='bbox 684 2622 740 2657; x_wconf 84' lang='lat' dir='ltr'><strong><em>ceu·</em></strong></span> <span class='ocrx_word' id='word_1_211' title='bbox 776 2607 832 2670; x_wconf 79' lang='lat' dir='ltr'><strong><em>rie]</em></strong></span> <span class='ocrx_word' id='word_1_212' title='bbox 852 2621 982 2665; x_wconf 82' lang='lat' dir='ltr'><strong><em>munera,</em></strong></span> <span class='ocrx_word' id='word_1_213' title='bbox 1003 2611 1178 2672; x_wconf 75' lang='lat' dir='ltr'><strong><em>margaritas,</em></strong></span> <span class='ocrx_word' id='word_1_214' title='bbox 1199 2622 1302 2672; x_wconf 78' lang='lat' dir='ltr'><strong><em>purpu-</em></strong></span> 
     </span>
     <span class='ocr_line' id='line_1_26' title="bbox 212 2685 1301 2750; baseline -0.004 -10"><span class='ocrx_word' id='word_1_215' title='bbox 212 2700 271 2742; x_wconf 78' lang='lat' dir='ltr'><strong><em>tes,</em></strong></span> <span class='ocrx_word' id='word_1_216' title='bbox 299 2689 365 2739; x_wconf 76' lang='lat' dir='ltr'><strong><em>liutto</em></strong></span> <span class='ocrx_word' id='word_1_217' title='bbox 386 2688 556 2750; x_wconf 78' lang='lat' dir='ltr'><strong><em>ipsum-quo</em></strong></span> <span class='ocrx_word' id='word_1_218' title='bbox 578 2689 667 2736; x_wconf 84' lang='lat' dir='ltr'><strong><em>studio</em></strong></span> <span class='ocrx_word' id='word_1_219' title='bbox 689 2701 739 2735; x_wconf 77' lang='lat' dir='ltr'><strong><em>esse</em></strong></span> <span class='ocrx_word' id='word_1_220' title='bbox 778 2685 1033 2749; x_wconf 81' lang='lat' dir='ltr'><strong><em>rem.-&#39;eutremot]</em></strong></span> <span class='ocrx_word' id='word_1_221' title='bbox 1054 2695 1083 2738; x_wconf 88' lang='lat' dir='ltr'><strong><em>ut</em></strong></span> <span class='ocrx_word' id='word_1_222' title='bbox 1093 2688 1143 2738; x_wconf 91' lang='lat' dir='ltr'><strong><em>Od.</em></strong></span> <span class='ocrx_word' id='word_1_223' title='bbox 1154 2690 1179 2748; x_wconf 93' lang='grc'><strong><em>1,</em></strong></span> <span class='ocrx_word' id='word_1_224' title='bbox 1194 2688 1239 2748; x_wconf 81' lang='grc'><strong><em>35,</em></strong></span> <span class='ocrx_word' id='word_1_225' title='bbox 1251 2688 1301 2738; x_wconf 68' lang='lat'><strong><em>302</em></strong></span> 
     </span>
     <span class='ocr_line' id='line_1_27' title="bbox 213 2764 1302 2826; baseline 0.004 -14"><span class='ocrx_word' id='word_1_226' title='bbox 213 2767 242 2813; x_wconf 84' lang='lat' dir='ltr'><strong><em>iu</em></strong></span> <span class='ocrx_word' id='word_1_227' title='bbox 260 2765 358 2813; x_wconf 77' lang='lat' dir='ltr'><strong><em>uostris</em></strong></span> <span class='ocrx_word' id='word_1_228' title='bbox 374 2765 471 2814; x_wconf 80' lang='lat' dir='ltr'><strong><em>rebus?</em></strong></span> <span class='ocrx_word' id='word_1_229' title='bbox 497 2765 531 2813; x_wconf 91' lang='lat' dir='ltr'><strong><em>de</em></strong></span> <span class='ocrx_word' id='word_1_230' title='bbox 551 2765 612 2826; x_wconf 79' lang='lat' dir='ltr'><strong><em>iege</em></strong></span> <span class='ocrx_word' id='word_1_231' title='bbox 631 2777 687 2826; x_wconf 77' lang='lat' dir='ltr'><strong><em>egr.</em></strong></span> <span class='ocrx_word' id='word_1_232' title='bbox 711 2765 737 2823; x_wconf 69' lang='lat' dir='ltr'><strong><em>d,</em></strong></span> <span class='ocrx_word' id='word_1_233' title='bbox 776 2764 882 2814; x_wconf 76' lang='lat' dir='ltr'><strong><em>ultimos</em></strong></span> <span class='ocrx_word' id='word_1_234' title='bbox 895 2765 971 2814; x_wconf 77' lang='lat' dir='ltr'><strong><em>Orbis</em></strong></span> <span class='ocrx_word' id='word_1_235' title='bbox 982 2767 1136 2815; x_wconf 77' lang='lat' dir='ltr'><strong><em>Britannos.</em></strong></span> <span class='ocrx_word' id='word_1_236' title='bbox 1156 2766 1302 2816; x_wconf 79' lang='lat' dir='ltr'><strong><em>Praeterea</em></strong></span> 
     </span>
     <span class='ocr_line' id='line_1_28' title="bbox 215 2841 1304 2914; baseline 0.004 -24"><span class='ocrx_word' id='word_1_237' title='bbox 215 2842 263 2897; x_wconf 83' lang='lat'><strong><em>17:</em></strong></span> <span class='ocrx_word' id='word_1_238' title='bbox 293 2841 361 2902; x_wconf 83' lang='lat' dir='ltr'><strong><em>Quid</em></strong></span> <span class='ocrx_word' id='word_1_239' title='bbox 378 2843 504 2898; x_wconf 70' lang='lat' dir='ltr'><strong><em>ceuectis‚‘</em></strong></span> <span class='ocrx_word' id='word_1_240' title='bbox 523 2866 558 2876; x_wconf 93' lang='lat'><strong><em>--</em></strong></span> <span class='ocrx_word' id='word_1_241' title='bbox 578 2855 629 2904; x_wconf 89' lang='lat' dir='ltr'><strong><em>quo</em></strong></span> <span class='ocrx_word' id='word_1_242' title='bbox 647 2843 739 2890; x_wconf 84' lang='lat' dir='ltr'><strong><em>timere</em></strong></span> <span class='ocrx_word' id='word_1_243' title='bbox 762 2843 826 2914; x_wconf 22' lang='lat' dir='ltr'><strong><em>loir.</em></strong></span> <span class='ocrx_word' id='word_1_244' title='bbox 841 2842 891 2892; x_wconf 89' lang='lat' dir='ltr'><strong><em>Od.</em></strong></span> <span class='ocrx_word' id='word_1_245' title='bbox 906 2843 932 2903; x_wconf 83' lang='lat'><strong><em>³,</em></strong></span> <span class='ocrx_word' id='word_1_246' title='bbox 946 2844 991 2904; x_wconf 71' lang='lat' dir='ltr'><strong><em>bt,</em></strong></span> <span class='ocrx_word' id='word_1_247' title='bbox 1007 2846 1037 2893; x_wconf 90' lang='lat'><strong><em>1:</em></strong></span> <span class='ocrx_word' id='word_1_248' title='bbox 1067 2842 1176 2894; x_wconf 80' lang='lat' dir='ltr'><strong><em>intactis</em></strong></span> <span class='ocrx_word' id='word_1_249' title='bbox 1196 2843 1304 2906; x_wconf 71' lang='lat' dir='ltr'><strong><em>ppetuu</em></strong></span> 
     </span>
     <span class='ocr_line' id='line_1_29' title="bbox 215 2919 1304 2981; baseline 0.002 -13"><span class='ocrx_word' id='word_1_250' title='bbox 215 2925 318 2968; x_wconf 74' lang='lat' dir='ltr'><strong><em>eeteros</em></strong></span> <span class='ocrx_word' id='word_1_251' title='bbox 339 2921 459 2968; x_wconf 84' lang='lat' dir='ltr'><strong><em>uotioues</em></strong></span> <span class='ocrx_word' id='word_1_252' title='bbox 479 2919 604 2981; x_wconf 72' lang='lat' dir='ltr'><strong><em>futurae?</em></strong></span> <span class='ocrx_word' id='word_1_253' title='bbox 633 2919 737 2971; x_wconf 78' lang='lat' dir='ltr'><strong><em>deod.</em></strong></span> <span class='ocrx_word' id='word_1_254' title='bbox 775 2923 829 2970; x_wconf 87' lang='lat' dir='ltr'><strong><em>tior</em></strong></span> <span class='ocrx_word' id='word_1_255' title='bbox 843 2921 1304 2972; x_wconf 74' lang='lat' dir='ltr'><strong><em>Tieeuuusdrnbumudicitiebe-</em></strong></span> 
     </span>
     <span class='ocr_line' id='line_1_30' title="bbox 215 2994 1303 3066; baseline 0.005 -21"><span class='ocrx_word' id='word_1_256' title='bbox 215 2998 288 3055; x_wconf 60' lang='grc' dir='ltr'><strong><em>Νι</em></strong></span> <span class='ocrx_word' id='word_1_257' title='bbox 310 2997 378 3066; x_wconf 87' lang='lat' dir='ltr'><strong><em>Quid</em></strong></span> <span class='ocrx_word' id='word_1_258' title='bbox 394 2998 739 3055; x_wconf 56' lang='lat' dir='ltr'><strong><em>intumentum-cto·</em></strong></span> <span class='ocrx_word' id='word_1_259' title='bbox 776 3001 845 3048; x_wconf 86' lang='lat' dir='ltr'><strong><em>dine.</em></strong></span> <span class='ocrx_word' id='word_1_260' title='bbox 882 2999 973 3049; x_wconf 81' lang='lat' dir='ltr'><strong><em>Paene</em></strong></span> <span class='ocrx_word' id='word_1_261' title='bbox 994 2994 1155 3050; x_wconf 84' lang='lat' dir='ltr'><strong><em>incredibile</em></strong></span> <span class='ocrx_word' id='word_1_262' title='bbox 1172 3006 1212 3050; x_wconf 90' lang='lat' dir='ltr'><strong><em>est</em></strong></span> <span class='ocrx_word' id='word_1_263' title='bbox 1232 3001 1303 3051; x_wconf 88' lang='lat' dir='ltr'><strong><em>alios</em></strong></span> 
     </span>
     <span class='ocr_line' id='line_1_31' title="bbox 215 3075 1305 3140; baseline 0.004 -16"><span class='ocrx_word' id='word_1_264' title='bbox 215 3077 334 3138; x_wconf 74' lang='lat' dir='ltr'><strong><em>opetum,</em></strong></span> <span class='ocrx_word' id='word_1_265' title='bbox 355 3089 406 3137; x_wconf 88' lang='lat' dir='ltr'><strong><em>quo</em></strong></span> <span class='ocrx_word' id='word_1_266' title='bbox 425 3075 542 3122; x_wconf 79' lang='lat' dir='ltr'><strong><em>cruciatu</em></strong></span> <span class='ocrx_word' id='word_1_267' title='bbox 556 3076 659 3126; x_wconf 78' lang='lat' dir='ltr'><strong><em>timoris</em></strong></span> <span class='ocrx_word' id='word_1_268' title='bbox 675 3078 739 3139; x_wconf 81' lang='lat' dir='ltr'><strong><em>cupi</em></strong></span> <span class='ocrx_word' id='word_1_269' title='bbox 777 3077 909 3126; x_wconf 82' lang='lat' dir='ltr'><strong><em>iunxisse:</em></strong></span> <span class='ocrx_word' id='word_1_270' title='bbox 920 3080 1148 3138; x_wconf 65' lang='lat' dir='ltr'><strong><em>momeutsemoe</em></strong></span> <span class='ocrx_word' id='word_1_271' title='bbox 1157 3076 1305 3140; x_wconf 81' lang='grc' dir='ltr'><strong><em>ἐσχάτους</em></strong></span> 
     </span>
     <span class='ocr_line' id='line_1_32' title="bbox 216 3153 1304 3219; baseline -0.001 -15"><span class='ocrx_word' id='word_1_272' title='bbox 216 3154 341 3206; x_wconf 68' lang='lat' dir='ltr'><strong><em>dolitum?</em></strong></span> <span class='ocrx_word' id='word_1_273' title='bbox 361 3153 445 3202; x_wconf 81' lang='lat' dir='ltr'><strong><em>Solita</em></strong></span> <span class='ocrx_word' id='word_1_274' title='bbox 467 3157 507 3201; x_wconf 91' lang='lat' dir='ltr'><strong><em>est</em></strong></span> <span class='ocrx_word' id='word_1_275' title='bbox 528 3153 610 3214; x_wconf 84' lang='lat' dir='ltr'><strong><em>igitur</em></strong></span> <span class='ocrx_word' id='word_1_276' title='bbox 625 3165 738 3204; x_wconf 87' lang='lat' dir='ltr'><strong><em>consue·</em></strong></span> <span class='ocrx_word' id='word_1_277' title='bbox 776 3153 943 3219; x_wconf 60' lang='grc' dir='ltr'><em>θαλάσσης,</em></span> <span class='ocrx_word' id='word_1_278' title='bbox 973 3157 1058 3206; x_wconf 84' lang='lat' dir='ltr'><strong><em>elios:</em></strong></span> <span class='ocrx_word' id='word_1_279' title='bbox 1089 3159 1172 3206; x_wconf 78' lang='lat' dir='ltr'><strong><em>maris</em></strong></span> <span class='ocrx_word' id='word_1_280' title='bbox 1200 3157 1304 3204; x_wconf 82' lang='lat' dir='ltr'><strong><em>ludicra</em></strong></span> 
     </span>
     <span class='ocr_line' id='line_1_33' title="bbox 213 3229 1303 3302; baseline 0.002 -22"><span class='ocrx_word' id='word_1_281' title='bbox 213 3232 316 3281; x_wconf 90' lang='lat' dir='ltr'><strong><em>tudinis</em></strong></span> <span class='ocrx_word' id='word_1_282' title='bbox 337 3231 468 3291; x_wconf 77' lang='lat' dir='ltr'><strong><em>formula,</em></strong></span> <span class='ocrx_word' id='word_1_283' title='bbox 495 3245 548 3299; x_wconf 88' lang='lat' dir='ltr'><strong><em>qna</em></strong></span> <span class='ocrx_word' id='word_1_284' title='bbox 565 3233 605 3292; x_wconf 88' lang='lat' dir='ltr'><strong><em>ei,</em></strong></span> <span class='ocrx_word' id='word_1_285' title='bbox 632 3247 663 3282; x_wconf 83' lang='lat' dir='ltr'><strong><em>er</em></strong></span> <span class='ocrx_word' id='word_1_286' title='bbox 684 3247 737 3296; x_wconf 90' lang='lat' dir='ltr'><strong><em>quo</em></strong></span> <span class='ocrx_word' id='word_1_287' title='bbox 776 3229 846 3293; x_wconf 86' lang='lat' dir='ltr'><strong><em>(des</em></strong></span> <span class='ocrx_word' id='word_1_288' title='bbox 872 3233 990 3284; x_wconf 78' lang='lat' dir='ltr'><strong><em>Meet-ee</em></strong></span> <span class='ocrx_word' id='word_1_289' title='bbox 1008 3235 1188 3302; x_wconf 76' lang='lat' dir='ltr'><strong><em>Spieltoud</em></strong></span> <span class='ocrx_word' id='word_1_290' title='bbox 1209 3229 1303 3296; x_wconf 85' lang='lat' dir='ltr'><strong><em>Voss.)</em></strong></span> 
     </span>
     <span class='ocr_line' id='line_1_34' title="bbox 214 3308 1305 3379; baseline -0.002 -17"><span class='ocrx_word' id='word_1_291' title='bbox 214 3311 736 3379; x_wconf 71' lang='lat' dir='ltr'><strong><em>aliquidquaerimus,seriosissimus,</em></strong></span> <span class='ocrx_word' id='word_1_292' title='bbox 776 3331 807 3346; x_wconf 91' lang='lat'>-</span> <span class='ocrx_word' id='word_1_293' title='bbox 824 3308 954 3374; x_wconf 73' lang='lat' dir='ltr'><strong><em>Ledeue]</em></strong></span> <span class='ocrx_word' id='word_1_294' title='bbox 980 3313 1075 3362; x_wconf 85' lang='lat' dir='ltr'><strong><em>«ludos</em></strong></span> <span class='ocrx_word' id='word_1_295' title='bbox 1093 3313 1252 3375; x_wconf 74' lang='lat' dir='ltr'><strong><em>publices»,</em></strong></span> <span class='ocrx_word' id='word_1_296' title='bbox 1272 3316 1305 3360; x_wconf 88' lang='lat' dir='ltr'><strong><em>ut</em></strong></span> 
     </span>
     <span class='ocr_line' id='line_1_35' title="bbox 216 3389 1304 3452; baseline 0.001 -14"><span class='ocrx_word' id='word_1_297' title='bbox 216 3391 336 3451; x_wconf 82' lang='lat' dir='ltr'><strong><em>quamsi</em></strong></span> <span class='ocrx_word' id='word_1_298' title='bbox 354 3389 508 3450; x_wconf 82' lang='lat' dir='ltr'><strong><em>languidius</em></strong></span> <span class='ocrx_word' id='word_1_299' title='bbox 529 3391 568 3438; x_wconf 90' lang='lat' dir='ltr'><strong><em>sic</em></strong></span> <span class='ocrx_word' id='word_1_300' title='bbox 589 3390 738 3452; x_wconf 78' lang='lat' dir='ltr'><strong><em>interroga·</em></strong></span> <span class='ocrx_word' id='word_1_301' title='bbox 776 3401 857 3451; x_wconf 81' lang='lat' dir='ltr'><strong><em>scope</em></strong></span> <span class='ocrx_word' id='word_1_302' title='bbox 878 3392 949 3452; x_wconf 89' lang='lat' dir='ltr'><strong><em>apud</em></strong></span> <span class='ocrx_word' id='word_1_303' title='bbox 971 3391 1088 3442; x_wconf 87' lang='lat' dir='ltr'><strong><em>Livium.</em></strong></span> <span class='ocrx_word' id='word_1_304' title='bbox 1121 3390 1304 3452; x_wconf 81' lang='lat' dir='ltr'><strong><em>Cogitandnm</em></strong></span> 
     </span>
    </p>
   </div>
   <div class='ocr_carea' id='block_1_8' title="bbox 121 3468 1307 3530">
    <p class='ocr_par' dir='ltr' id='par_1_12' title="bbox 121 3468 1307 3530">
     <span class='ocr_line' id='line_1_36' title="bbox 121 3468 1307 3530; baseline 0 -14"><span class='ocrx_word' id='word_1_305' title='bbox 121 3517 130 3529; x_wconf 64' lang='grc'><strong>,</strong></span> <span class='ocrx_word' id='word_1_306' title='bbox 215 3481 321 3522; x_wconf 78' lang='lat' dir='ltr'><strong><em>remus:</em></strong></span> <span class='ocrx_word' id='word_1_307' title='bbox 343 3468 419 3529; x_wconf 80' lang='lat' dir='ltr'><strong><em>«Quo</em></strong></span> <span class='ocrx_word' id='word_1_308' title='bbox 433 3469 529 3521; x_wconf 81' lang='lat' dir='ltr'><strong><em>timore</em></strong></span> <span class='ocrx_word' id='word_1_309' title='bbox 539 3473 643 3516; x_wconf 79' lang='lat' dir='ltr'><strong><em>exteras</em></strong></span> <span class='ocrx_word' id='word_1_310' title='bbox 653 3469 738 3516; x_wconf 88' lang='lat' dir='ltr'><strong><em>natiu-</em></strong></span> <span class='ocrx_word' id='word_1_311' title='bbox 776 3474 865 3516; x_wconf 83' lang='lat' dir='ltr'><strong><em>autent</em></strong></span> <span class='ocrx_word' id='word_1_312' title='bbox 884 3475 940 3522; x_wconf 82' lang='lat' dir='ltr'><strong><em>hort</em></strong></span> <span class='ocrx_word' id='word_1_313' title='bbox 953 3469 1041 3519; x_wconf 87' lang='lat' dir='ltr'><strong><em>solnm</em></strong></span> <span class='ocrx_word' id='word_1_314' title='bbox 1054 3471 1087 3519; x_wconf 86' lang='lat' dir='ltr'><strong><em>de</em></strong></span> <span class='ocrx_word' id='word_1_315' title='bbox 1100 3483 1206 3519; x_wconf 89' lang='lat' dir='ltr'><strong><em>summa</em></strong></span> <span class='ocrx_word' id='word_1_316' title='bbox 1227 3468 1307 3530; x_wconf 84' lang='lat' dir='ltr'><strong><em>cupi·</em></strong></span> 
     </span>
    </p>
   </div>
   <div class='ocr_carea' id='block_1_9' title="bbox 214 3545 1304 4162">
    <p class='ocr_par' dir='ltr' id='par_1_13' title="bbox 214 3545 1304 4162">
     <span class='ocr_line' id='line_1_37' title="bbox 215 3545 1304 3610; baseline 0 -15"><span class='ocrx_word' id='word_1_317' title='bbox 215 3560 264 3600; x_wconf 86' lang='lat' dir='ltr'><strong><em>nes</em></strong></span> <span class='ocrx_word' id='word_1_318' title='bbox 291 3546 396 3595; x_wconf 79' lang='lat' dir='ltr'><strong><em>iuturus</em></strong></span> <span class='ocrx_word' id='word_1_319' title='bbox 418 3547 574 3596; x_wconf 77' lang='lat' dir='ltr'><strong><em>censetis‘lu</em></strong></span> <span class='ocrx_word' id='word_1_320' title='bbox 602 3551 629 3597; x_wconf 88' lang='lat' dir='ltr'><strong><em>et</em></strong></span> <span class='ocrx_word' id='word_1_321' title='bbox 657 3547 738 3596; x_wconf 83' lang='lat' dir='ltr'><strong><em>breve</em></strong></span> <span class='ocrx_word' id='word_1_322' title='bbox 776 3545 875 3606; x_wconf 77' lang='lat' dir='ltr'><strong><em>ditate,</em></strong></span> <span class='ocrx_word' id='word_1_323' title='bbox 890 3557 943 3609; x_wconf 86' lang='lat' dir='ltr'><strong><em>qua</em></strong></span> <span class='ocrx_word' id='word_1_324' title='bbox 954 3547 1078 3610; x_wconf 83' lang='lat' dir='ltr'><strong><em>plerique</em></strong></span> <span class='ocrx_word' id='word_1_325' title='bbox 1094 3549 1236 3600; x_wconf 82' lang='lat' dir='ltr'><strong><em>inhiabunt</em></strong></span> <span class='ocrx_word' id='word_1_326' title='bbox 1245 3546 1304 3608; x_wconf 80' lang='lat' dir='ltr'><strong><em>gla-</em></strong></span> 
     </span>
     <span class='ocr_line' id='line_1_38' title="bbox 217 3624 1302 3688; baseline 0.006 -16"><span class='ocrx_word' id='word_1_327' title='bbox 217 3625 334 3686; x_wconf 77' lang='lat' dir='ltr'><strong><em>spatium</em></strong></span> <span class='ocrx_word' id='word_1_328' title='bbox 360 3624 507 3674; x_wconf 87' lang='lat' dir='ltr'><strong><em>meditandi</em></strong></span> <span class='ocrx_word' id='word_1_329' title='bbox 538 3626 602 3688; x_wconf 88' lang='lat' dir='ltr'><strong><em>quid</em></strong></span> <span class='ocrx_word' id='word_1_330' title='bbox 627 3637 738 3687; x_wconf 82' lang='lat' dir='ltr'><strong><em>respon·</em></strong></span> <span class='ocrx_word' id='word_1_331' title='bbox 776 3625 924 3674; x_wconf 79' lang='lat' dir='ltr'><strong><em>ditatoribus</em></strong></span> <span class='ocrx_word' id='word_1_332' title='bbox 943 3631 970 3674; x_wconf 85' lang='lat' dir='ltr'><strong><em>et</em></strong></span> <span class='ocrx_word' id='word_1_333' title='bbox 992 3627 1179 3681; x_wconf 81' lang='lat' dir='ltr'><strong><em>circensibns;</em></strong></span> <span class='ocrx_word' id='word_1_334' title='bbox 1202 3629 1302 3678; x_wconf 78' lang='lat' dir='ltr'><strong><em>verum</em></strong></span> 
     </span>
     <span class='ocr_line' id='line_1_39' title="bbox 217 3703 1301 3763; baseline 0.002 -11"><span class='ocrx_word' id='word_1_335' title='bbox 217 3704 279 3753; x_wconf 86' lang='lat' dir='ltr'><strong><em>deal</em></strong></span> <span class='ocrx_word' id='word_1_336' title='bbox 300 3705 324 3752; x_wconf 92' lang='lat' dir='ltr'><strong><em>ei</em></strong></span> <span class='ocrx_word' id='word_1_337' title='bbox 348 3704 536 3763; x_wconf 86' lang='lat' dir='ltr'><strong><em>concedimus,</em></strong></span> <span class='ocrx_word' id='word_1_338' title='bbox 556 3710 680 3754; x_wconf 84' lang='lat' dir='ltr'><strong><em>nostrum</em></strong></span> <span class='ocrx_word' id='word_1_339' title='bbox 700 3709 738 3753; x_wconf 88' lang='lat' dir='ltr'><strong><em>ta·-</em></strong></span> <span class='ocrx_word' id='word_1_340' title='bbox 776 3703 858 3752; x_wconf 82' lang='lat' dir='ltr'><strong><em>etiem</em></strong></span> <span class='ocrx_word' id='word_1_341' title='bbox 876 3703 910 3752; x_wconf 89' lang='lat' dir='ltr'><strong><em>de</em></strong></span> <span class='ocrx_word' id='word_1_342' title='bbox 930 3704 1087 3754; x_wconf 83' lang='lat' dir='ltr'><strong><em>incredibili</em></strong></span> <span class='ocrx_word' id='word_1_343' title='bbox 1106 3706 1195 3754; x_wconf 87' lang='lat' dir='ltr'><strong><em>studio</em></strong></span> <span class='ocrx_word' id='word_1_344' title='bbox 1214 3706 1242 3754; x_wconf 89' lang='lat' dir='ltr'><strong><em>iu</em></strong></span> <span class='ocrx_word' id='word_1_345' title='bbox 1261 3709 1301 3754; x_wconf 80' lang='lat' dir='ltr'><strong><em>ta·</em></strong></span> 
     </span>
     <span class='ocr_line' id='line_1_40' title="bbox 216 3781 1303 3847; baseline 0.002 -17"><span class='ocrx_word' id='word_1_346' title='bbox 216 3795 279 3831; x_wconf 87' lang='lat' dir='ltr'><strong><em>men</em></strong></span> <span class='ocrx_word' id='word_1_347' title='bbox 299 3795 332 3831; x_wconf 82' lang='lat' dir='ltr'><strong><em>ea</em></strong></span> <span class='ocrx_word' id='word_1_348' title='bbox 355 3782 388 3832; x_wconf 93' lang='lat' dir='ltr'><strong><em>de</em></strong></span> <span class='ocrx_word' id='word_1_349' title='bbox 404 3796 433 3832; x_wconf 89' lang='lat' dir='ltr'><strong><em>re</em></strong></span> <span class='ocrx_word' id='word_1_350' title='bbox 452 3784 582 3833; x_wconf 83' lang='lat' dir='ltr'><strong><em>indicium</em></strong></span> <span class='ocrx_word' id='word_1_351' title='bbox 600 3788 646 3831; x_wconf 89' lang='lat' dir='ltr'><strong><em>aut</em></strong></span> <span class='ocrx_word' id='word_1_352' title='bbox 664 3783 737 3831; x_wconf 85' lang='lat' dir='ltr'><strong><em>ctare</em></strong></span> <span class='ocrx_word' id='word_1_353' title='bbox 775 3781 846 3830; x_wconf 88' lang='lat' dir='ltr'><strong><em>tibus</em></strong></span> <span class='ocrx_word' id='word_1_354' title='bbox 864 3782 928 3842; x_wconf 87' lang='lat' dir='ltr'><strong><em>poni</em></strong></span> <span class='ocrx_word' id='word_1_355' title='bbox 944 3783 1024 3836; x_wconf 86' lang='lat' dir='ltr'><strong><em>solito</em></strong></span> <span class='ocrx_word' id='word_1_356' title='bbox 1039 3785 1073 3832; x_wconf 88' lang='lat' dir='ltr'><strong><em>ab</em></strong></span> <span class='ocrx_word' id='word_1_357' title='bbox 1092 3784 1140 3844; x_wconf 85' lang='lat' dir='ltr'><strong><em>iis,</em></strong></span> <span class='ocrx_word' id='word_1_358' title='bbox 1161 3784 1208 3847; x_wconf 87' lang='lat' dir='ltr'><strong><em>qui</em></strong></span> <span class='ocrx_word' id='word_1_359' title='bbox 1221 3783 1303 3832; x_wconf 80' lang='lat' dir='ltr'><strong><em>ludos</em></strong></span> 
     </span>
     <span class='ocr_line' id='line_1_41' title="bbox 216 3861 1300 3927; baseline 0.002 -19"><span class='ocrx_word' id='word_1_360' title='bbox 216 3861 407 3926; x_wconf 85' lang='lat' dir='ltr'><strong><em>proponimus,</em></strong></span> <span class='ocrx_word' id='word_1_361' title='bbox 427 3868 473 3915; x_wconf 79' lang='lat' dir='ltr'><strong><em>aut</em></strong></span> <span class='ocrx_word' id='word_1_362' title='bbox 491 3862 586 3912; x_wconf 77' lang='lat' dir='ltr'><strong><em>saltem</em></strong></span> <span class='ocrx_word' id='word_1_363' title='bbox 604 3861 737 3922; x_wconf 71' lang='lat' dir='ltr'><strong><em>stqniflce-</em></strong></span> <span class='ocrx_word' id='word_1_364' title='bbox 776 3861 902 3916; x_wconf 78' lang='lat' dir='ltr'><strong><em>edebant,</em></strong></span> <span class='ocrx_word' id='word_1_365' title='bbox 922 3861 1025 3911; x_wconf 85' lang='lat' dir='ltr'><strong><em>aediles</em></strong></span> <span class='ocrx_word' id='word_1_366' title='bbox 1035 3864 1097 3913; x_wconf 87' lang='lat' dir='ltr'><strong><em>dieo</em></strong></span> <span class='ocrx_word' id='word_1_367' title='bbox 1110 3869 1138 3912; x_wconf 91' lang='lat' dir='ltr'><strong><em>et</em></strong></span> <span class='ocrx_word' id='word_1_368' title='bbox 1149 3867 1300 3927; x_wconf 86' lang='lat' dir='ltr'><strong><em>praetores,</em></strong></span> 
     </span>
     <span class='ocr_line' id='line_1_42' title="bbox 214 3939 1302 4002; baseline -0.001 -13"><span class='ocrx_word' id='word_1_369' title='bbox 214 3952 290 3997; x_wconf 83' lang='lat' dir='ltr'><strong><em>mus.</em></strong></span> <span class='ocrx_word' id='word_1_370' title='bbox 319 3945 348 3989; x_wconf 90' lang='lat' dir='ltr'><strong><em>ut</em></strong></span> <span class='ocrx_word' id='word_1_371' title='bbox 372 3941 435 3993; x_wconf 75' lang='lat' dir='ltr'><strong><em>hice¹</em></strong></span> <span class='ocrx_word' id='word_1_372' title='bbox 465 3939 652 3989; x_wconf 72' lang='lat' dir='ltr'><strong><em>«admirabilia</em></strong></span> <span class='ocrx_word' id='word_1_373' title='bbox 682 3952 738 3994; x_wconf 86' lang='lat' dir='ltr'><strong><em>non</em></strong></span> <span class='ocrx_word' id='word_1_374' title='bbox 776 3951 830 4000; x_wconf 87' lang='lat' dir='ltr'><strong><em>qao</em></strong></span> <span class='ocrx_word' id='word_1_375' title='bbox 847 3939 969 3990; x_wconf 82' lang='lat' dir='ltr'><strong><em>aemulor</em></strong></span> <span class='ocrx_word' id='word_1_376' title='bbox 989 3940 1191 4002; x_wconf 79' lang='lat' dir='ltr'><strong><em>magnificentia</em></strong></span> <span class='ocrx_word' id='word_1_377' title='bbox 1209 3941 1302 3990; x_wconf 80' lang='lat' dir='ltr'><strong><em>vinee—</em></strong></span> 
     </span>
     <span class='ocr_line' id='line_1_43' title="bbox 216 4017 1302 4087; baseline -0.001 -19"><span class='ocrx_word' id='word_1_378' title='bbox 216 4031 303 4068; x_wconf 80' lang='lat' dir='ltr'><strong><em>esse.»</em></strong></span> <span class='ocrx_word' id='word_1_379' title='bbox 342 4018 468 4080; x_wconf 79' lang='lat' dir='ltr'><strong><em>Exempla</em></strong></span> <span class='ocrx_word' id='word_1_380' title='bbox 496 4017 737 4087; x_wconf 37' lang='lat' dir='ltr'><strong><em>uutomtTutliasnr</em></strong></span> <span class='ocrx_word' id='word_1_381' title='bbox 777 4022 837 4068; x_wconf 82' lang='lat' dir='ltr'><strong><em>rent</em></strong></span> <span class='ocrx_word' id='word_1_382' title='bbox 854 4019 1003 4081; x_wconf 84' lang='lat' dir='ltr'><strong><em>populique</em></strong></span> <span class='ocrx_word' id='word_1_383' title='bbox 1023 4019 1145 4069; x_wconf 81' lang='lat' dir='ltr'><strong><em>savorem</em></strong></span> <span class='ocrx_word' id='word_1_384' title='bbox 1163 4020 1214 4068; x_wconf 88' lang='lat' dir='ltr'><strong><em>sibi</em></strong></span> <span class='ocrx_word' id='word_1_385' title='bbox 1236 4019 1302 4068; x_wconf 84' lang='lat' dir='ltr'><strong><em>eon·</em></strong></span> 
     </span>
     <span class='ocr_line' id='line_1_44' title="bbox 214 4093 1301 4162; baseline -0.002 -14"><span class='ocrx_word' id='word_1_386' title='bbox 214 4101 382 4153; x_wconf 76' lang='lat' dir='ltr'><strong><em>monstrant,</em></strong></span> <span class='ocrx_word' id='word_1_387' title='bbox 418 4093 572 4162; x_wconf 41' lang='lat' dir='ltr'><strong><em>hie&#39;loeus</em></strong></span> <span class='ocrx_word' id='word_1_388' title='bbox 602 4097 738 4161; x_wconf 86' lang='lat' dir='ltr'><strong><em>quomodo</em></strong></span> <span class='ocrx_word' id='word_1_389' title='bbox 777 4097 910 4147; x_wconf 83' lang='lat' dir='ltr'><strong><em>ciliarent.</em></strong></span> <span class='ocrx_word' id='word_1_390' title='bbox 948 4097 1023 4147; x_wconf 87' lang='lat' dir='ltr'><strong><em>Pers.</em></strong></span> <span class='ocrx_word' id='word_1_391' title='bbox 1043 4098 1215 4158; x_wconf 76' lang='lat' dir='ltr'><strong><em>Sat.5,1&#39;ld.</em></strong></span> <span class='ocrx_word' id='word_1_392' title='bbox 1235 4097 1301 4148; x_wconf 82' lang='lat' dir='ltr'><strong><em>Gae-</em></strong></span> 
     </span>
    </p>
   </div>
   <div class='ocr_carea' id='block_1_10' title="bbox 0 0 1476 4794">
    <p class='ocr_par' dir='ltr' id='par_1_14' title="bbox 0 0 1476 4794">
     <span class='ocr_line' id='line_1_45' title="bbox 0 0 1476 4794; baseline 0 0"><span class='ocrx_word' id='word_1_393' title='bbox 0 0 1476 4794; x_wconf 95' lang='lat' dir='ltr'><strong><em> </em></strong></span> 
     </span>
    </p>
   </div>
  </div>
 </body>
</html>
