<?xml version="1.0" encoding="UTF-8"?>
<!DOCTYPE html PUBLIC "-//W3C//DTD XHTML 1.0 Transitional//EN"
    "http://www.w3.org/TR/xhtml1/DTD/xhtml1-transitional.dtd">
<html xmlns="http://www.w3.org/1999/xhtml" xml:lang="en" lang="en">
 <head>
  <title>
</title>
<meta http-equiv="Content-Type" content="text/html;charset=utf-8" />
  <meta name='ocr-system' content='tesseract 3.04.00' />
  <meta name='ocr-capabilities' content='ocr_page ocr_carea ocr_par ocr_line ocrx_word'/>
</head>
<body>
  <div class='ocr_page' id='page_1' title='image "./qhoratiusflaccu01orelgoog/qhoratiusflaccu01orelgoog_0166.png"; bbox 0 0 2856 4782; ppageno 0'>
   <div class='ocr_carea' id='block_1_1' title="bbox 418 241 1185 340">
    <p class='ocr_par' dir='ltr' id='par_1_1' title="bbox 418 241 1185 340">
     <span class='ocr_line' id='line_1_1' title="bbox 418 241 1185 340; baseline 0.009 -7"><span class='ocrx_word' id='word_1_1' title='bbox 418 241 425 256; x_wconf 37' lang='lat'>⁸</span> <span class='ocrx_word' id='word_1_2' title='bbox 501 289 566 334; x_wconf 79' lang='lat' dir='ltr'><strong>ura.</strong></span> <span class='ocrx_word' id='word_1_3' title='bbox 588 272 642 334; x_wconf 83' lang='lat'><em>11.&#39;</em></span> <span class='ocrx_word' id='word_1_4' title='bbox 667 290 741 336; x_wconf 77' lang='lat' dir='ltr'><strong>sar.</strong></span> <span class='ocrx_word' id='word_1_5' title='bbox 764 293 787 338; x_wconf 90' lang='lat'><strong>1.</strong></span> <span class='ocrx_word' id='word_1_6' title='bbox 1108 273 1185 340; x_wconf 75' lang='lat' dir='ltr'><strong>lea</strong></span> 
     </span>
    </p>
   </div>
   <div class='ocr_carea' id='block_1_2' title="bbox 99 425 1187 1350">
    <p class='ocr_par' dir='ltr' id='par_1_2' title="bbox 103 425 1019 514">
     <span class='ocr_line' id='line_1_2' title="bbox 103 425 1019 514; baseline 0.005 -25"><span class='ocrx_word' id='word_1_7' title='bbox 103 425 324 490; x_wconf 75' lang='lat' dir='ltr'><strong>Pantolabum</strong></span> <span class='ocrx_word' id='word_1_8' title='bbox 347 443 494 490; x_wconf 85' lang='lat' dir='ltr'><strong>scurram</strong></span> <span class='ocrx_word' id='word_1_9' title='bbox 517 426 823 514; x_wconf 73' lang='lat' dir='ltr'><strong>Nomentanumque</strong></span> <span class='ocrx_word' id='word_1_10' title='bbox 845 429 1019 513; x_wconf 84' lang='lat' dir='ltr'><strong>nepotem!</strong></span> 
     </span>
    </p>

    <p class='ocr_par' dir='ltr' id='par_1_3' title="bbox 102 545 1187 748">
     <span class='ocr_line' id='line_1_3' title="bbox 102 545 1187 632; baseline 0.007 -23"><span class='ocrx_word' id='word_1_11' title='bbox 102 545 183 610; x_wconf 87' lang='lat' dir='ltr'><strong>Cum</strong></span> <span class='ocrx_word' id='word_1_12' title='bbox 206 547 269 609; x_wconf 84' lang='lat' dir='ltr'><strong>eibi</strong></span> <span class='ocrx_word' id='word_1_13' title='bbox 293 547 432 628; x_wconf 88' lang='lat' dir='ltr'><strong>quisquc</strong></span> <span class='ocrx_word' id='word_1_14' title='bbox 454 547 562 625; x_wconf 87' lang='lat' dir='ltr'><strong>timet,</strong></span> <span class='ocrx_word' id='word_1_15' title='bbox 585 564 778 631; x_wconf 86' lang='lat' dir='ltr'><strong>quamquam</strong></span> <span class='ocrx_word' id='word_1_16' title='bbox 795 556 847 612; x_wconf 88' lang='lat' dir='ltr'><strong>est</strong></span> <span class='ocrx_word' id='word_1_17' title='bbox 871 551 1034 632; x_wconf 72' lang='lat' dir='ltr'><strong>intactus,</strong></span> <span class='ocrx_word' id='word_1_18' title='bbox 1057 554 1091 616; x_wconf 91' lang='lat' dir='ltr'><strong>et</strong></span> <span class='ocrx_word' id='word_1_19' title='bbox 1106 551 1187 617; x_wconf 83' lang='lat' dir='ltr'><strong>odit.</strong></span> 
     </span>
     <span class='ocr_line' id='line_1_4' title="bbox 102 656 966 748; baseline 0.003 -18"><span class='ocrx_word' id='word_1_20' title='bbox 102 663 190 744; x_wconf 79' lang='lat' dir='ltr'><strong>Quid</strong></span> <span class='ocrx_word' id='word_1_21' title='bbox 212 656 361 730; x_wconf 66' lang='lat' dir='ltr'><strong>iccium?</strong></span> <span class='ocrx_word' id='word_1_22' title='bbox 383 661 495 729; x_wconf 86' lang='lat' dir='ltr'><strong>Saltat</strong></span> <span class='ocrx_word' id='word_1_23' title='bbox 517 665 694 748; x_wconf 77' lang='lat' dir='ltr'><strong>Milonius,</strong></span> <span class='ocrx_word' id='word_1_24' title='bbox 717 671 754 731; x_wconf 94' lang='lat' dir='ltr'><strong>ut</strong></span> <span class='ocrx_word' id='word_1_25' title='bbox 775 671 877 733; x_wconf 89' lang='lat' dir='ltr'><strong>semel</strong></span> <span class='ocrx_word' id='word_1_26' title='bbox 899 673 966 734; x_wconf 88' lang='lat' dir='ltr'><strong>icto</strong></span> 
     </span>
    </p>

    <p class='ocr_par' dir='ltr' id='par_1_4' title="bbox 101 785 1185 992">
     <span class='ocr_line' id='line_1_5' title="bbox 101 785 1185 870; baseline -0.001 -19"><span class='ocrx_word' id='word_1_27' title='bbox 101 786 262 850; x_wconf 83' lang='lat' dir='ltr'><strong>Accessit</strong></span> <span class='ocrx_word' id='word_1_28' title='bbox 284 785 402 848; x_wconf 81' lang='lat' dir='ltr'><strong>fervor</strong></span> <span class='ocrx_word' id='word_1_29' title='bbox 423 787 526 868; x_wconf 86' lang='lat' dir='ltr'><strong>capiti</strong></span> <span class='ocrx_word' id='word_1_30' title='bbox 547 804 767 870; x_wconf 85' lang='lat' dir='ltr'><strong>numerusque</strong></span> <span class='ocrx_word' id='word_1_31' title='bbox 789 789 944 853; x_wconf 86' lang='lat' dir='ltr'><strong>lucernis.</strong></span> <span class='ocrx_word' id='word_1_32' title='bbox 1144 787 1185 850; x_wconf 76' lang='lat'><strong>2⁵</strong></span> 
     </span>
     <span class='ocr_line' id='line_1_6' title="bbox 102 902 945 992; baseline 0.001 -22"><span class='ocrx_word' id='word_1_33' title='bbox 102 902 226 970; x_wconf 82' lang='lat' dir='ltr'><strong>Castor</strong></span> <span class='ocrx_word' id='word_1_34' title='bbox 248 903 375 992; x_wconf 80' lang='lat' dir='ltr'><strong>gaudet</strong></span> <span class='ocrx_word' id='word_1_35' title='bbox 397 906 511 988; x_wconf 82' lang='lat' dir='ltr'><strong>equls3</strong></span> <span class='ocrx_word' id='word_1_36' title='bbox 533 924 598 969; x_wconf 88' lang='lat' dir='ltr'><strong>ovo</strong></span> <span class='ocrx_word' id='word_1_37' title='bbox 621 909 809 992; x_wconf 81' lang='lat' dir='ltr'><strong>prognatus</strong></span> <span class='ocrx_word' id='word_1_38' title='bbox 831 907 945 972; x_wconf 87' lang='lat' dir='ltr'><strong>eodem</strong></span> 
     </span>
    </p>

    <p class='ocr_par' dir='ltr' id='par_1_5' title="bbox 101 1024 1049 1110">
     <span class='ocr_line' id='line_1_7' title="bbox 101 1024 1049 1110; baseline 0.006 -22"><span class='ocrx_word' id='word_1_39' title='bbox 101 1024 253 1110; x_wconf 81' lang='lat' dir='ltr'><strong>Pugnis3</strong></span> <span class='ocrx_word' id='word_1_40' title='bbox 277 1028 357 1108; x_wconf 94' lang='lat' dir='ltr'><strong>quot</strong></span> <span class='ocrx_word' id='word_1_41' title='bbox 379 1027 523 1108; x_wconf 88' lang='lat' dir='ltr'><strong>capitum</strong></span> <span class='ocrx_word' id='word_1_42' title='bbox 546 1027 684 1110; x_wconf 85' lang='lat' dir='ltr'><strong>vivunt,</strong></span> <span class='ocrx_word' id='word_1_43' title='bbox 707 1026 844 1091; x_wconf 87' lang='lat' dir='ltr'><strong>totidem</strong></span> <span class='ocrx_word' id='word_1_44' title='bbox 865 1028 1049 1094; x_wconf 84' lang='lat' dir='ltr'><strong>studiorum</strong></span> 
     </span>
    </p>

    <p class='ocr_par' dir='ltr' id='par_1_6' title="bbox 99 1142 951 1227">
     <span class='ocr_line' id='line_1_8' title="bbox 99 1142 951 1227; baseline 0.005 -19"><span class='ocrx_word' id='word_1_45' title='bbox 99 1145 209 1208; x_wconf 90' lang='lat' dir='ltr'><strong>Milia.</strong></span> <span class='ocrx_word' id='word_1_46' title='bbox 255 1145 316 1208; x_wconf 88' lang='lat' dir='ltr'><strong>Me</strong></span> <span class='ocrx_word' id='word_1_47' title='bbox 338 1143 478 1227; x_wconf 85' lang='lat' dir='ltr'><strong>pedibus</strong></span> <span class='ocrx_word' id='word_1_48' title='bbox 500 1142 645 1210; x_wconf 88' lang='lat' dir='ltr'><strong>delectat</strong></span> <span class='ocrx_word' id='word_1_49' title='bbox 667 1145 824 1210; x_wconf 77' lang='lat' dir='ltr'><strong>claudere</strong></span> <span class='ocrx_word' id='word_1_50' title='bbox 846 1149 951 1212; x_wconf 87' lang='lat' dir='ltr'><strong>verba</strong></span> 
     </span>
    </p>

    <p class='ocr_par' dir='ltr' id='par_1_7' title="bbox 99 1264 806 1350">
     <span class='ocr_line' id='line_1_9' title="bbox 99 1264 806 1350; baseline 0 -21"><span class='ocrx_word' id='word_1_51' title='bbox 99 1265 208 1330; x_wconf 84' lang='lat' dir='ltr'><strong>Lucili</strong></span> <span class='ocrx_word' id='word_1_52' title='bbox 230 1267 296 1327; x_wconf 90' lang='lat' dir='ltr'><strong>ritu</strong></span> <span class='ocrx_word' id='word_1_53' title='bbox 318 1265 466 1328; x_wconf 79' lang='lat' dir='ltr'><strong>nostrim</strong></span> <span class='ocrx_word' id='word_1_54' title='bbox 489 1264 633 1328; x_wconf 87' lang='lat' dir='ltr'><strong>melioris</strong></span> <span class='ocrx_word' id='word_1_55' title='bbox 654 1268 806 1350; x_wconf 89' lang='lat' dir='ltr'><strong>utroque.</strong></span> 
     </span>
    </p>
   </div>
   <div class='ocr_carea' id='block_1_3' title="bbox 101 1428 1186 1560">
    <p class='ocr_par' dir='ltr' id='par_1_8' title="bbox 101 1428 1186 1560">
     <span class='ocr_line' id='line_1_10' title="bbox 153 1428 1186 1493; baseline 0.006 -15"><span class='ocrx_word' id='word_1_56' title='bbox 153 1430 176 1478; x_wconf 75' lang='lat' dir='ltr'><strong>l,</strong></span> <span class='ocrx_word' id='word_1_57' title='bbox 214 1444 242 1478; x_wconf 88' lang='grc' dir='ltr'><strong>ιι.</strong></span> <span class='ocrx_word' id='word_1_58' title='bbox 261 1429 305 1476; x_wconf 76' lang='lat'><strong>22.</strong></span> <span class='ocrx_word' id='word_1_59' title='bbox 326 1428 501 1478; x_wconf 75' lang='lat' dir='ltr'><strong>Pantolabum</strong></span> <span class='ocrx_word' id='word_1_60' title='bbox 513 1453 524 1464; x_wconf 94' lang='lat'><em>·</em></span> <span class='ocrx_word' id='word_1_61' title='bbox 536 1428 780 1492; x_wconf 82' lang='lat' dir='ltr'><strong>Momentanumqnc</strong></span> <span class='ocrx_word' id='word_1_62' title='bbox 798 1428 826 1479; x_wconf 86' lang='lat' dir='ltr'><strong>S.</strong></span> <span class='ocrx_word' id='word_1_63' title='bbox 847 1429 914 1492; x_wconf 87' lang='lat' dir='ltr'><strong>(nen</strong></span> <span class='ocrx_word' id='word_1_64' title='bbox 934 1429 989 1493; x_wconf 91' lang='lat' dir='ltr'><strong>bc.)</strong></span> <span class='ocrx_word' id='word_1_65' title='bbox 1022 1447 1048 1482; x_wconf 87' lang='lat' dir='ltr'><strong>r.</strong></span> <span class='ocrx_word' id='word_1_66' title='bbox 1062 1433 1106 1482; x_wconf 68' lang='grc'><strong>24.</strong></span> <span class='ocrx_word' id='word_1_67' title='bbox 1127 1441 1186 1484; x_wconf 87' lang='lat' dir='ltr'><strong>aeto</strong></span> 
     </span>
     <span class='ocr_line' id='line_1_11' title="bbox 101 1499 353 1560; baseline 0.004 -14"><span class='ocrx_word' id='word_1_68' title='bbox 101 1511 239 1560; x_wconf 77' lang='lat' dir='ltr'><strong>superacr.</strong></span> <span class='ocrx_word' id='word_1_69' title='bbox 257 1499 309 1547; x_wconf 86' lang='lat' dir='ltr'><strong>icto</strong></span> <span class='ocrx_word' id='word_1_70' title='bbox 327 1510 353 1547; x_wconf 86' lang='lat' dir='ltr'><strong>c.</strong></span> 
     </span>
    </p>
   </div>
   <div class='ocr_carea' id='block_1_4' title="bbox 125 1603 839 1876">
    <p class='ocr_par' dir='ltr' id='par_1_9' title="bbox 125 1603 839 1876">
     <span class='ocr_line' id='line_1_12' title="bbox 142 1603 625 1654; baseline 0.002 -2"><span class='ocrx_word' id='word_1_71' title='bbox 142 1603 179 1653; x_wconf 90' lang='lat'><strong>11.</strong></span> <span class='ocrx_word' id='word_1_72' title='bbox 217 1618 244 1654; x_wconf 85' lang='lat' dir='ltr'><strong>v.</strong></span> <span class='ocrx_word' id='word_1_73' title='bbox 266 1603 311 1652; x_wconf 62' lang='grc' dir='ltr'><strong>Μ.</strong></span> <span class='ocrx_word' id='word_1_74' title='bbox 330 1611 360 1652; x_wconf 82' lang='grc' dir='ltr'><strong>ιιι</strong></span> <span class='ocrx_word' id='word_1_75' title='bbox 377 1603 454 1652; x_wconf 67' lang='grc' dir='ltr'><strong>οἰοιοῖ</strong></span> <span class='ocrx_word' id='word_1_76' title='bbox 472 1604 503 1653; x_wconf 77' lang='lat' dir='ltr'><strong>F.</strong></span> <span class='ocrx_word' id='word_1_77' title='bbox 525 1603 625 1653; x_wconf 77' lang='lat' dir='ltr'><strong>ecta.</strong></span> 
     </span>
     <span class='ocr_line' id='line_1_13' title="bbox 125 1709 685 1759; baseline 0 -1"><span class='ocrx_word' id='word_1_78' title='bbox 125 1709 175 1759; x_wconf 89' lang='lat' dir='ltr'><strong>ill.</strong></span> <span class='ocrx_word' id='word_1_79' title='bbox 214 1723 241 1759; x_wconf 81' lang='lat' dir='ltr'><strong>r.</strong></span> <span class='ocrx_word' id='word_1_80' title='bbox 261 1709 305 1757; x_wconf 73' lang='lat'><strong>22.</strong></span> <span class='ocrx_word' id='word_1_81' title='bbox 325 1709 547 1759; x_wconf 73' lang='lat' dir='ltr'><strong>Nomentanamoe</strong></span> <span class='ocrx_word' id='word_1_82' title='bbox 565 1722 580 1758; x_wconf 87' lang='lat' dir='ltr'><strong>e</strong></span> <span class='ocrx_word' id='word_1_83' title='bbox 599 1709 685 1758; x_wconf 80' lang='lat' dir='ltr'><strong>Codrl.</strong></span> 
     </span>
     <span class='ocr_line' id='line_1_14' title="bbox 129 1809 839 1876; baseline 0.006 -14"><span class='ocrx_word' id='word_1_84' title='bbox 129 1814 175 1863; x_wconf 83' lang='lat' dir='ltr'><strong>IV.</strong></span> <span class='ocrx_word' id='word_1_85' title='bbox 213 1828 240 1864; x_wconf 84' lang='lat' dir='ltr'><strong>v.</strong></span> <span class='ocrx_word' id='word_1_86' title='bbox 259 1814 305 1863; x_wconf 68' lang='lat'><strong>24.</strong></span> <span class='ocrx_word' id='word_1_87' title='bbox 324 1813 459 1866; x_wconf 73' lang='lat' dir='ltr'><strong>Millonius</strong></span> <span class='ocrx_word' id='word_1_88' title='bbox 477 1813 580 1872; x_wconf 66' lang='lat' dir='ltr'><strong>eada,</strong></span> <span class='ocrx_word' id='word_1_89' title='bbox 599 1821 631 1864; x_wconf 84' lang='lat' dir='ltr'><strong>ut</strong></span> <span class='ocrx_word' id='word_1_90' title='bbox 649 1814 725 1864; x_wconf 82' lang='lat' dir='ltr'><strong>Grai.</strong></span> <span class='ocrx_word' id='word_1_91' title='bbox 746 1809 791 1876; x_wconf 68' lang='lat'><strong>54¹,</strong></span> <span class='ocrx_word' id='word_1_92' title='bbox 813 1818 839 1866; x_wconf 86' lang='lat'><strong>1.</strong></span> 
     </span>
    </p>
   </div>
   <div class='ocr_carea' id='block_1_5' title="bbox 8 1937 1202 2161">
    <p class='ocr_par' dir='ltr' id='par_1_10' title="bbox 8 1923 1202 2161">
     <span class='ocr_line' id='line_1_15' title="bbox 8 1937 1183 2008; baseline 0.007 -25"><span class='ocrx_word' id='word_1_93' title='bbox 8 1943 9 1968; x_wconf 70' lang='lat' dir='ltr'><strong>l</strong></span> <span class='ocrx_word' id='word_1_94' title='bbox 100 1938 286 2001; x_wconf 80' lang='lat' dir='ltr'><strong>palpatorem,</strong></span> <span class='ocrx_word' id='word_1_95' title='bbox 318 1939 357 1988; x_wconf 86' lang='lat' dir='ltr'><strong>sic</strong></span> <span class='ocrx_word' id='word_1_96' title='bbox 388 1937 487 1988; x_wconf 75' lang='lat' dir='ltr'><strong>Caesar</strong></span> <span class='ocrx_word' id='word_1_97' title='bbox 516 1940 620 2002; x_wconf 82' lang='lat' dir='ltr'><strong>ineptos</strong></span> <span class='ocrx_word' id='word_1_98' title='bbox 660 1940 1014 2008; x_wconf 73' lang='lat' dir='ltr'><strong>ennarpitmemalacemia.</strong></span> <span class='ocrx_word' id='word_1_99' title='bbox 1028 1966 1058 1977; x_wconf 95' lang='lat'><em>-</em></span> <span class='ocrx_word' id='word_1_100' title='bbox 1073 1939 1183 2003; x_wconf 75' lang='lat' dir='ltr'><strong>Castor]</strong></span> 
     </span>
     <span class='ocr_line' id='line_1_16' title="bbox 8 2005 1184 2090; baseline 0.003 -25"><span class='ocrx_word' id='word_1_101' title='bbox 8 2005 9 2076; x_wconf 72' lang='lat'><em>]</em></span> <span class='ocrx_word' id='word_1_102' title='bbox 97 2017 270 2074; x_wconf 79' lang='lat' dir='ltr'><strong>adulatores,</strong></span> <span class='ocrx_word' id='word_1_103' title='bbox 290 2017 327 2066; x_wconf 86' lang='lat' dir='ltr'><strong>ita</strong></span> <span class='ocrx_word' id='word_1_104' title='bbox 352 2022 381 2067; x_wconf 89' lang='lat' dir='ltr'><strong>ut</strong></span> <span class='ocrx_word' id='word_1_105' title='bbox 397 2031 506 2080; x_wconf 88' lang='lat' dir='ltr'><strong>quoquo</strong></span> <span class='ocrx_word' id='word_1_106' title='bbox 527 2032 621 2068; x_wconf 77' lang='lat' dir='ltr'><strong>uersus</strong></span> <span class='ocrx_word' id='word_1_107' title='bbox 661 2016 694 2066; x_wconf 92' lang='lat' dir='ltr'><strong>il.</strong></span> <span class='ocrx_word' id='word_1_108' title='bbox 714 2005 748 2082; x_wconf 81' lang='lat' dir='ltr'><strong>y,</strong></span> <span class='ocrx_word' id='word_1_109' title='bbox 766 2018 836 2068; x_wconf 75' lang='lat'><strong>237:</strong></span> <span class='ocrx_word' id='word_1_110' title='bbox 864 2015 1003 2090; x_wconf 84' lang='grc' dir='ltr'><strong><em>Κάστορά</em></strong></span> <span class='ocrx_word' id='word_1_111' title='bbox 1020 2017 1045 2068; x_wconf 65' lang='grc' dir='ltr'><strong>θ’</strong></span> <span class='ocrx_word' id='word_1_112' title='bbox 1060 2017 1184 2070; x_wconf 77' lang='grc' dir='ltr'><em>ἱππάδα·</em></span> 
     </span>
     <span class='ocr_line' id='line_1_17' title="bbox 8 2091 1202 2161; baseline 0.004 -19"><span class='ocrx_word' id='word_1_113' title='bbox 8 2123 10 2142; x_wconf 66' lang='grc' dir='ltr'>ι</span> <span class='ocrx_word' id='word_1_114' title='bbox 100 2108 128 2144; x_wconf 88' lang='lat' dir='ltr'><strong>se</strong></span> <span class='ocrx_word' id='word_1_115' title='bbox 143 2097 176 2145; x_wconf 91' lang='lat' dir='ltr'><strong>ab</strong></span> <span class='ocrx_word' id='word_1_116' title='bbox 189 2109 286 2145; x_wconf 87' lang='lat' dir='ltr'><strong>eornm</strong></span> <span class='ocrx_word' id='word_1_117' title='bbox 300 2096 409 2145; x_wconf 84' lang='lat' dir='ltr'><strong>incursu</strong></span> <span class='ocrx_word' id='word_1_118' title='bbox 423 2100 550 2145; x_wconf 79' lang='lat' dir='ltr'><strong>tutetur.»</strong></span> <span class='ocrx_word' id='word_1_119' title='bbox 659 2111 717 2158; x_wconf 86' lang='grc' dir='ltr'><strong>μον</strong></span> <span class='ocrx_word' id='word_1_120' title='bbox 726 2096 777 2146; x_wconf 80' lang='grc' dir='ltr'><strong>καὶ</strong></span> <span class='ocrx_word' id='word_1_121' title='bbox 787 2091 844 2158; x_wconf 79' lang='grc' dir='ltr'><strong>πὺξ</strong></span> <span class='ocrx_word' id='word_1_122' title='bbox 856 2093 972 2161; x_wconf 60' lang='grc' dir='ltr'><em>ἀγαθὸν</em></span> <span class='ocrx_word' id='word_1_123' title='bbox 984 2094 1181 2147; x_wconf 78' lang='grc' dir='ltr'><strong><em>Πολυδεύκεα.</em></strong></span> <span class='ocrx_word' id='word_1_124' title='bbox 1198 2129 1202 2136; x_wconf 91' lang='grc'>-</span> 
     </span>
    </p>
   </div>
   <div class='ocr_carea' id='block_1_6' title="bbox 97 2168 1185 2393">
    <p class='ocr_par' dir='ltr' id='par_1_11' title="bbox 97 2168 1185 2393">
     <span class='ocr_line' id='line_1_18' title="bbox 133 2168 1185 2236; baseline 0.002 -15"><span class='ocrx_word' id='word_1_125' title='bbox 133 2174 260 2222; x_wconf 72' lang='lat'><strong>21-26.</strong></span> <span class='ocrx_word' id='word_1_126' title='bbox 305 2169 395 2236; x_wconf 79' lang='lat' dir='ltr'><strong>triatl]</strong></span> <span class='ocrx_word' id='word_1_127' title='bbox 425 2175 572 2223; x_wconf 82' lang='lat' dir='ltr'><strong>«mordaci</strong></span> <span class='ocrx_word' id='word_1_128' title='bbox 596 2181 622 2224; x_wconf 91' lang='lat' dir='ltr'><strong>et</strong></span> <span class='ocrx_word' id='word_1_129' title='bbox 662 2198 691 2208; x_wconf 94' lang='lat'><em>-</em></span> <span class='ocrx_word' id='word_1_130' title='bbox 713 2168 778 2233; x_wconf 83' lang='lat' dir='ltr'><strong>ovo]</strong></span> <span class='ocrx_word' id='word_1_131' title='bbox 798 2173 887 2223; x_wconf 86' lang='lat' dir='ltr'><strong>Ledae</strong></span> <span class='ocrx_word' id='word_1_132' title='bbox 909 2187 924 2222; x_wconf 91' lang='lat' dir='ltr'><strong>a</strong></span> <span class='ocrx_word' id='word_1_133' title='bbox 946 2175 1010 2223; x_wconf 87' lang='lat' dir='ltr'><strong>love</strong></span> <span class='ocrx_word' id='word_1_134' title='bbox 1028 2176 1107 2236; x_wconf 79' lang='lat' dir='ltr'><strong>cygni</strong></span> <span class='ocrx_word' id='word_1_135' title='bbox 1125 2188 1185 2236; x_wconf 88' lang='lat' dir='ltr'><strong>spe·</strong></span> 
     </span>
     <span class='ocr_line' id='line_1_19' title="bbox 99 2250 1184 2313; baseline -0.001 -12"><span class='ocrx_word' id='word_1_136' title='bbox 99 2252 237 2302; x_wconf 76' lang='lat' dir='ltr'><strong>satirico.»</strong></span> <span class='ocrx_word' id='word_1_137' title='bbox 265 2250 622 2302; x_wconf 77' lang='lat' dir='ltr'><strong>eonn.c1.—Panrola-</strong></span> <span class='ocrx_word' id='word_1_138' title='bbox 660 2250 701 2299; x_wconf 89' lang='lat' dir='ltr'><strong>cie</strong></span> <span class='ocrx_word' id='word_1_139' title='bbox 718 2263 900 2312; x_wconf 80' lang='lat' dir='ltr'><strong>compressae.</strong></span> <span class='ocrx_word' id='word_1_140' title='bbox 939 2251 1004 2300; x_wconf 82' lang='lat' dir='ltr'><strong>«Vel</strong></span> <span class='ocrx_word' id='word_1_141' title='bbox 1025 2250 1120 2301; x_wconf 80' lang='lat' dir='ltr'><strong>iratres</strong></span> <span class='ocrx_word' id='word_1_142' title='bbox 1138 2265 1184 2313; x_wconf 81' lang='lat' dir='ltr'><strong>ge·</strong></span> 
     </span>
     <span class='ocr_line' id='line_1_20' title="bbox 97 2326 1182 2393; baseline -0.003 -14"><span class='ocrx_word' id='word_1_143' title='bbox 97 2327 173 2391; x_wconf 82' lang='lat' dir='ltr'><strong>bam]</strong></span> <span class='ocrx_word' id='word_1_144' title='bbox 195 2329 252 2378; x_wconf 85' lang='lat' dir='ltr'><strong>Sat.</strong></span> <span class='ocrx_word' id='word_1_145' title='bbox 275 2331 307 2388; x_wconf 94' lang='lat'><strong>1,</strong></span> <span class='ocrx_word' id='word_1_146' title='bbox 330 2328 362 2388; x_wconf 88' lang='grc'><strong>8,</strong></span> <span class='ocrx_word' id='word_1_147' title='bbox 386 2331 447 2389; x_wconf 86' lang='grc'><strong>11.,</strong></span> <span class='ocrx_word' id='word_1_148' title='bbox 472 2343 504 2379; x_wconf 83' lang='lat' dir='ltr'><strong>ex</strong></span> <span class='ocrx_word' id='word_1_149' title='bbox 523 2344 576 2393; x_wconf 91' lang='lat' dir='ltr'><strong>quo</strong></span> <span class='ocrx_word' id='word_1_150' title='bbox 593 2345 620 2380; x_wconf 86' lang='lat' dir='ltr'><strong>v.</strong></span> <span class='ocrx_word' id='word_1_151' title='bbox 661 2327 736 2375; x_wconf 90' lang='lat' dir='ltr'><strong>melli</strong></span> <span class='ocrx_word' id='word_1_152' title='bbox 762 2326 869 2376; x_wconf 83' lang='lat' dir='ltr'><strong>diversa</strong></span> <span class='ocrx_word' id='word_1_153' title='bbox 899 2333 1049 2390; x_wconf 79' lang='lat' dir='ltr'><strong>sequuntur</strong></span> <span class='ocrx_word' id='word_1_154' title='bbox 1080 2329 1182 2385; x_wconf 78' lang='lat' dir='ltr'><strong>studia:</strong></span> 
     </span>
    </p>
   </div>
   <div class='ocr_carea' id='block_1_7' title="bbox 9 2408 1183 2473">
    <p class='ocr_par' dir='ltr' id='par_1_12' title="bbox 9 2408 1183 2473">
     <span class='ocr_line' id='line_1_21' title="bbox 9 2408 1183 2473; baseline 0.003 -17"><span class='ocrx_word' id='word_1_155' title='bbox 9 2437 10 2440; x_wconf 59' lang='lat'><em>=</em></span> <span class='ocrx_word' id='word_1_156' title='bbox 97 2409 221 2457; x_wconf 82' lang='lat' dir='ltr'><strong>firmatur</strong></span> <span class='ocrx_word' id='word_1_157' title='bbox 254 2408 492 2472; x_wconf 76' lang='lat' dir='ltr'><strong>Nomentanumque</strong></span> <span class='ocrx_word' id='word_1_158' title='bbox 526 2415 621 2458; x_wconf 87' lang='lat' dir='ltr'><strong>contra</strong></span> <span class='ocrx_word' id='word_1_159' title='bbox 660 2409 734 2472; x_wconf 86' lang='lat' dir='ltr'><strong>quid,</strong></span> <span class='ocrx_word' id='word_1_160' title='bbox 755 2421 866 2471; x_wconf 85' lang='lat' dir='ltr'><strong>quaeso,</strong></span> <span class='ocrx_word' id='word_1_161' title='bbox 887 2409 997 2469; x_wconf 81' lang='lat' dir='ltr'><strong>iaciant,</strong></span> <span class='ocrx_word' id='word_1_162' title='bbox 1015 2411 1062 2473; x_wconf 89' lang='lat' dir='ltr'><strong>qui</strong></span> <span class='ocrx_word' id='word_1_163' title='bbox 1075 2411 1183 2472; x_wconf 74' lang='lat' dir='ltr'><strong>cognati</strong></span> 
     </span>
    </p>
   </div>
   <div class='ocr_carea' id='block_1_8' title="bbox 96 2483 1184 4106">
    <p class='ocr_par' dir='ltr' id='par_1_13' title="bbox 97 2483 968 2547">
     <span class='ocr_line' id='line_1_22' title="bbox 97 2483 968 2547; baseline -0.009 -11"><span class='ocrx_word' id='word_1_164' title='bbox 97 2485 213 2536; x_wconf 81' lang='lat' dir='ltr'><strong>Bentleii</strong></span> <span class='ocrx_word' id='word_1_165' title='bbox 231 2485 462 2536; x_wconf 80' lang='lat' dir='ltr'><strong>Nomentanamve.</strong></span> <span class='ocrx_word' id='word_1_166' title='bbox 478 2511 508 2522; x_wconf 91' lang='lat'><em>-</em></span> <span class='ocrx_word' id='word_1_167' title='bbox 522 2483 619 2547; x_wconf 88' lang='lat' dir='ltr'><strong>Saltat]</strong></span> <span class='ocrx_word' id='word_1_168' title='bbox 660 2487 731 2535; x_wconf 84' lang='lat' dir='ltr'><strong>inter</strong></span> <span class='ocrx_word' id='word_1_169' title='bbox 747 2499 776 2535; x_wconf 86' lang='lat' dir='ltr'><strong>se</strong></span> <span class='ocrx_word' id='word_1_170' title='bbox 790 2499 846 2534; x_wconf 89' lang='lat' dir='ltr'><strong>non</strong></span> <span class='ocrx_word' id='word_1_171' title='bbox 865 2489 968 2535; x_wconf 79' lang='lat' dir='ltr'><strong>eunti»</strong></span> 
     </span>
    </p>

    <p class='ocr_par' dir='ltr' id='par_1_14' title="bbox 96 2561 1184 4106">
     <span class='ocr_line' id='line_1_23' title="bbox 97 2561 1184 2628; baseline 0.003 -16"><span class='ocrx_word' id='word_1_172' title='bbox 97 2571 190 2614; x_wconf 88' lang='lat' dir='ltr'><strong>contra</strong></span> <span class='ocrx_word' id='word_1_173' title='bbox 205 2565 346 2613; x_wconf 88' lang='lat' dir='ltr'><strong>decorum.</strong></span> <span class='ocrx_word' id='word_1_174' title='bbox 365 2565 478 2614; x_wconf 83' lang='lat' dir='ltr'><strong>Luciam.</strong></span> <span class='ocrx_word' id='word_1_175' title='bbox 493 2566 564 2613; x_wconf 88' lang='lat' dir='ltr'><strong>Tim.</strong></span> <span class='ocrx_word' id='word_1_176' title='bbox 575 2563 619 2614; x_wconf 81' lang='lat'><strong>55.</strong></span> <span class='ocrx_word' id='word_1_177' title='bbox 693 2564 817 2613; x_wconf 79' lang='lat'><strong>27-29.</strong></span> <span class='ocrx_word' id='word_1_178' title='bbox 854 2570 918 2626; x_wconf 79' lang='lat' dir='ltr'><strong>quot</strong></span> <span class='ocrx_word' id='word_1_179' title='bbox 942 2561 1077 2628; x_wconf 81' lang='lat' dir='ltr'><strong>capitam]</strong></span> <span class='ocrx_word' id='word_1_180' title='bbox 1107 2567 1184 2618; x_wconf 68' lang='grc' dir='ltr'><strong>«Το-</strong></span> 
     </span>
     <span class='ocr_line' id='line_1_24' title="bbox 97 2636 1182 2712; baseline 0.002 -20"><span class='ocrx_word' id='word_1_181' title='bbox 97 2643 260 2706; x_wconf 77' lang='lat' dir='ltr'><strong>Thrasycles</strong></span> <span class='ocrx_word' id='word_1_182' title='bbox 277 2643 396 2704; x_wconf 82' lang='lat' dir='ltr'><strong>sophista</strong></span> <span class='ocrx_word' id='word_1_183' title='bbox 408 2640 550 2712; x_wconf 83' lang='grc' dir='ltr'><strong>πάροινος</strong></span> <span class='ocrx_word' id='word_1_184' title='bbox 563 2636 620 2692; x_wconf 75' lang='grc' dir='ltr'><strong>οὐκ</strong></span> <span class='ocrx_word' id='word_1_185' title='bbox 659 2643 813 2692; x_wconf 88' lang='lat' dir='ltr'><strong>rentlanum</strong></span> <span class='ocrx_word' id='word_1_186' title='bbox 824 2641 890 2691; x_wconf 80' lang='lat' dir='ltr'><strong>illucl</strong></span> <span class='ocrx_word' id='word_1_187' title='bbox 903 2639 1023 2705; x_wconf 89' lang='lat' dir='ltr'><strong>(Pborm.</strong></span> <span class='ocrx_word' id='word_1_188' title='bbox 1038 2641 1064 2698; x_wconf 73' lang='lat'><strong>2,</strong></span> <span class='ocrx_word' id='word_1_189' title='bbox 1078 2645 1105 2704; x_wconf 76' lang='lat' dir='ltr'><strong>l,</strong></span> <span class='ocrx_word' id='word_1_190' title='bbox 1119 2641 1182 2708; x_wconf 67' lang='lat'><strong>142)</strong></span> 
     </span>
     <span class='ocr_line' id='line_1_25' title="bbox 96 2714 1183 2790; baseline 0.002 -20"><span class='ocrx_word' id='word_1_191' title='bbox 96 2714 182 2790; x_wconf 81' lang='grc' dir='ltr'><strong><em>ἄχρις</em></strong></span> <span class='ocrx_word' id='word_1_192' title='bbox 203 2716 282 2785; x_wconf 78' lang='grc' dir='ltr'><strong>ᾠδῆς</strong></span> <span class='ocrx_word' id='word_1_193' title='bbox 303 2721 354 2770; x_wconf 81' lang='grc' dir='ltr'><strong>καὶ</strong></span> <span class='ocrx_word' id='word_1_194' title='bbox 372 2715 542 2790; x_wconf 80' lang='grc' dir='ltr'><strong><em>ὀρχηστύος</em></strong></span> <span class='ocrx_word' id='word_1_195' title='bbox 566 2719 621 2785; x_wconf 86' lang='grc' dir='ltr'><strong>μό·</strong></span> <span class='ocrx_word' id='word_1_196' title='bbox 660 2723 727 2782; x_wconf 82' lang='lat' dir='ltr'><strong>Quot</strong></span> <span class='ocrx_word' id='word_1_197' title='bbox 743 2721 872 2779; x_wconf 75' lang='lat' dir='ltr'><strong>bominac,</strong></span> <span class='ocrx_word' id='word_1_198' title='bbox 893 2721 1103 2780; x_wconf 74' lang='lat' dir='ltr'><strong>lotrententtae5</strong></span> <span class='ocrx_word' id='word_1_199' title='bbox 1122 2736 1183 2772; x_wconf 79' lang='lat' dir='ltr'><strong>auus</strong></span> 
     </span>
     <span class='ocr_line' id='line_1_26' title="bbox 96 2792 1181 2869; baseline 0 -21"><span class='ocrx_word' id='word_1_200' title='bbox 96 2813 164 2858; x_wconf 72' lang='lat' dir='ltr'><strong>voc,</strong></span> <span class='ocrx_word' id='word_1_201' title='bbox 196 2792 274 2848; x_wconf 76' lang='grc' dir='ltr'><strong><em>ἀλλὰ</em></strong></span> <span class='ocrx_word' id='word_1_202' title='bbox 295 2798 346 2847; x_wconf 79' lang='grc' dir='ltr'><strong>καὶ</strong></span> <span class='ocrx_word' id='word_1_203' title='bbox 367 2795 524 2869; x_wconf 77' lang='grc' dir='ltr'><strong><em>λοιδορίας.</em></strong></span> <span class='ocrx_word' id='word_1_204' title='bbox 563 2797 618 2846; x_wconf 88' lang='lat' dir='ltr'><strong>Cic.</strong></span> <span class='ocrx_word' id='word_1_205' title='bbox 658 2801 749 2862; x_wconf 78' lang='lat' dir='ltr'><strong>cuique</strong></span> <span class='ocrx_word' id='word_1_206' title='bbox 770 2811 853 2847; x_wconf 79' lang='lat' dir='ltr'><strong>mor.»</strong></span> <span class='ocrx_word' id='word_1_207' title='bbox 875 2798 973 2848; x_wconf 78' lang='lat' dir='ltr'><strong>Scuoc.</strong></span> <span class='ocrx_word' id='word_1_208' title='bbox 996 2822 1026 2833; x_wconf 90' lang='lat'>-</span> <span class='ocrx_word' id='word_1_209' title='bbox 1046 2795 1181 2862; x_wconf 65' lang='lat' dir='ltr'><strong>claudae]</strong></span> 
     </span>
     <span class='ocr_line' id='line_1_27' title="bbox 97 2875 1182 2940; baseline 0.003 -14"><span class='ocrx_word' id='word_1_210' title='bbox 97 2889 145 2940; x_wconf 89' lang='lat' dir='ltr'><strong>pro</strong></span> <span class='ocrx_word' id='word_1_211' title='bbox 161 2877 236 2927; x_wconf 74' lang='lat' dir='ltr'><strong>Mur.</strong></span> <span class='ocrx_word' id='word_1_212' title='bbox 258 2876 293 2925; x_wconf 80' lang='lat' dir='ltr'><strong>a:</strong></span> <span class='ocrx_word' id='word_1_213' title='bbox 312 2875 392 2926; x_wconf 77' lang='lat' dir='ltr'><strong>Nereo</strong></span> <span class='ocrx_word' id='word_1_214' title='bbox 407 2877 461 2939; x_wconf 71' lang='lat' dir='ltr'><strong>sere</strong></span> <span class='ocrx_word' id='word_1_215' title='bbox 480 2876 563 2925; x_wconf 79' lang='lat' dir='ltr'><strong>saltat</strong></span> <span class='ocrx_word' id='word_1_216' title='bbox 580 2889 620 2924; x_wconf 83' lang='lat' dir='ltr'><strong>ao·</strong></span> <span class='ocrx_word' id='word_1_217' title='bbox 659 2877 872 2936; x_wconf 78' lang='lat' dir='ltr'><strong>sat.1‚10,5e.</strong></span> <span class='ocrx_word' id='word_1_218' title='bbox 895 2903 927 2914; x_wconf 93' lang='lat'>-</span> <span class='ocrx_word' id='word_1_219' title='bbox 949 2875 1084 2940; x_wconf 74' lang='lat' dir='ltr'><strong>nostram]</strong></span> <span class='ocrx_word' id='word_1_220' title='bbox 1113 2879 1182 2940; x_wconf 83' lang='lat' dir='ltr'><strong>«Qui</strong></span> 
     </span>
     <span class='ocr_line' id='line_1_28' title="bbox 97 2953 1182 3016; baseline 0 -12"><span class='ocrx_word' id='word_1_221' title='bbox 97 2955 182 3013; x_wconf 66' lang='lat' dir='ltr'><strong>aaa,</strong></span> <span class='ocrx_word' id='word_1_222' title='bbox 207 2955 261 3003; x_wconf 79' lang='lat' dir='ltr'><strong>alai</strong></span> <span class='ocrx_word' id='word_1_223' title='bbox 281 2955 350 3016; x_wconf 77' lang='lat' dir='ltr'><strong>sorta</strong></span> <span class='ocrx_word' id='word_1_224' title='bbox 369 2955 469 3002; x_wconf 75' lang='lat' dir='ltr'><strong>insanit</strong></span> <span class='ocrx_word' id='word_1_225' title='bbox 481 2978 492 2989; x_wconf 91' lang='lat'><strong>·</strong></span> <span class='ocrx_word' id='word_1_226' title='bbox 503 2953 621 3002; x_wconf 74' lang='lat' dir='ltr'><strong>-anulta-</strong></span> <span class='ocrx_word' id='word_1_227' title='bbox 659 2955 756 3004; x_wconf 89' lang='lat' dir='ltr'><strong>melior</strong></span> <span class='ocrx_word' id='word_1_228' title='bbox 774 2953 824 3003; x_wconf 87' lang='lat' dir='ltr'><strong>luit</strong></span> <span class='ocrx_word' id='word_1_229' title='bbox 842 2967 885 3003; x_wconf 90' lang='lat' dir='ltr'><strong>me</strong></span> <span class='ocrx_word' id='word_1_230' title='bbox 907 2959 934 3003; x_wconf 92' lang='lat' dir='ltr'><strong>et</strong></span> <span class='ocrx_word' id='word_1_231' title='bbox 949 2959 993 3014; x_wconf 86' lang='lat' dir='ltr'><strong>te,</strong></span> <span class='ocrx_word' id='word_1_232' title='bbox 1022 2970 1038 3004; x_wconf 92' lang='grc' dir='ltr'><strong><em>ο</em></strong></span> <span class='ocrx_word' id='word_1_233' title='bbox 1056 2955 1182 3016; x_wconf 86' lang='lat' dir='ltr'><strong>Trebati,</strong></span> 
     </span>
     <span class='ocr_line' id='line_1_29' title="bbox 96 3031 1181 3085; baseline 0.005 -5"><span class='ocrx_word' id='word_1_234' title='bbox 96 3046 156 3080; x_wconf 76' lang='lat' dir='ltr'><strong>nam</strong></span> <span class='ocrx_word' id='word_1_235' title='bbox 171 3031 326 3080; x_wconf 69' lang='lat' dir='ltr'><strong>muctarem</strong></span> <span class='ocrx_word' id='word_1_236' title='bbox 345 3044 426 3080; x_wconf 80' lang='lat' dir='ltr'><strong>comer</strong></span> <span class='ocrx_word' id='word_1_237' title='bbox 446 3038 483 3079; x_wconf 79' lang='lat' dir='ltr'><strong>eat</strong></span> <span class='ocrx_word' id='word_1_238' title='bbox 504 3037 620 3080; x_wconf 74' lang='lat' dir='ltr'><strong>cetram</strong></span> <span class='ocrx_word' id='word_1_239' title='bbox 658 3046 743 3082; x_wconf 88' lang='lat' dir='ltr'><strong>censu</strong></span> <span class='ocrx_word' id='word_1_240' title='bbox 765 3037 792 3081; x_wconf 90' lang='lat' dir='ltr'><strong>et</strong></span> <span class='ocrx_word' id='word_1_241' title='bbox 818 3032 981 3083; x_wconf 83' lang='lat' dir='ltr'><strong>natalibus.»</strong></span> <span class='ocrx_word' id='word_1_242' title='bbox 1018 3034 1080 3083; x_wconf 77' lang='lat' dir='ltr'><strong>uuit</strong></span> <span class='ocrx_word' id='word_1_243' title='bbox 1106 3037 1181 3085; x_wconf 90' lang='lat' dir='ltr'><strong>enim</strong></span> 
     </span>
     <span class='ocr_line' id='line_1_30' title="bbox 97 3105 1182 3174; baseline 0.003 -16"><span class='ocrx_word' id='word_1_244' title='bbox 97 3110 218 3160; x_wconf 74' lang='lat' dir='ltr'><strong>saltatio.</strong></span> <span class='ocrx_word' id='word_1_245' title='bbox 239 3135 273 3145; x_wconf 94' lang='lat'>-</span> <span class='ocrx_word' id='word_1_246' title='bbox 293 3105 431 3171; x_wconf 74' lang='lat' dir='ltr'><strong>Milonius]</strong></span> <span class='ocrx_word' id='word_1_247' title='bbox 455 3109 576 3159; x_wconf 83' lang='lat' dir='ltr'><strong>«Scurra</strong></span> <span class='ocrx_word' id='word_1_248' title='bbox 589 3109 620 3157; x_wconf 92' lang='lat' dir='ltr'><strong>il·</strong></span> <span class='ocrx_word' id='word_1_249' title='bbox 658 3111 797 3161; x_wconf 85' lang='lat' dir='ltr'><strong>virbonus</strong></span> <span class='ocrx_word' id='word_1_250' title='bbox 811 3114 837 3159; x_wconf 91' lang='lat' dir='ltr'><strong>ei</strong></span> <span class='ocrx_word' id='word_1_251' title='bbox 856 3110 933 3160; x_wconf 84' lang='lat' dir='ltr'><strong>valde</strong></span> <span class='ocrx_word' id='word_1_252' title='bbox 951 3111 1064 3169; x_wconf 87' lang='lat' dir='ltr'><strong>nobilis,</strong></span> <span class='ocrx_word' id='word_1_253' title='bbox 1088 3118 1182 3174; x_wconf 88' lang='lat' dir='ltr'><strong>utpote</strong></span> 
     </span>
     <span class='ocr_line' id='line_1_31' title="bbox 97 3187 1181 3256; baseline 0.002 -20"><span class='ocrx_word' id='word_1_254' title='bbox 97 3189 185 3238; x_wconf 84' lang='lat' dir='ltr'><strong>lorum</strong></span> <span class='ocrx_word' id='word_1_255' title='bbox 208 3193 391 3256; x_wconf 75' lang='lat' dir='ltr'><strong>temporum.»</strong></span> <span class='ocrx_word' id='word_1_256' title='bbox 409 3187 514 3238; x_wconf 73' lang='lat' dir='ltr'><strong>Poura.</strong></span> <span class='ocrx_word' id='word_1_257' title='bbox 536 3211 566 3222; x_wconf 89' lang='lat'><em>-</em></span> <span class='ocrx_word' id='word_1_258' title='bbox 590 3193 620 3236; x_wconf 84' lang='lat' dir='ltr'><strong>ut</strong></span> <span class='ocrx_word' id='word_1_259' title='bbox 658 3187 750 3250; x_wconf 78' lang='lat' dir='ltr'><strong>Magni</strong></span> <span class='ocrx_word' id='word_1_260' title='bbox 767 3189 888 3251; x_wconf 86' lang='lat' dir='ltr'><strong>Pompeii</strong></span> <span class='ocrx_word' id='word_1_261' title='bbox 911 3201 987 3237; x_wconf 82' lang='lat' dir='ltr'><strong>avua.</strong></span> <span class='ocrx_word' id='word_1_262' title='bbox 1020 3190 1111 3240; x_wconf 76' lang='lat' dir='ltr'><strong>Coun.</strong></span> <span class='ocrx_word' id='word_1_263' title='bbox 1132 3189 1181 3239; x_wconf 84' lang='lat' dir='ltr'><strong>Cn.</strong></span> 
     </span>
     <span class='ocr_line' id='line_1_32' title="bbox 96 3263 1182 3329; baseline 0.002 -13"><span class='ocrx_word' id='word_1_264' title='bbox 96 3263 184 3329; x_wconf 73' lang='lat' dir='ltr'><strong>renel]</strong></span> <span class='ocrx_word' id='word_1_265' title='bbox 203 3265 618 3328; x_wconf 80' lang='lat' dir='ltr'><strong>oeoipsotemporismomento,</strong></span> <span class='ocrx_word' id='word_1_266' title='bbox 658 3267 745 3316; x_wconf 86' lang='lat' dir='ltr'><strong>Etiam</strong></span> <span class='ocrx_word' id='word_1_267' title='bbox 763 3265 833 3316; x_wconf 84' lang='lat' dir='ltr'><strong>Veli.</strong></span> <span class='ocrx_word' id='word_1_268' title='bbox 856 3267 914 3315; x_wconf 87' lang='lat' dir='ltr'><strong>Pal.</strong></span> <span class='ocrx_word' id='word_1_269' title='bbox 936 3267 963 3326; x_wconf 78' lang='lat'><strong>2,</strong></span> <span class='ocrx_word' id='word_1_270' title='bbox 985 3267 1030 3316; x_wconf 71' lang='lat'><strong>29.</strong></span> <span class='ocrx_word' id='word_1_271' title='bbox 1059 3264 1182 3328; x_wconf 87' lang='lat' dir='ltr'><strong>Pompeii</strong></span> 
     </span>
     <span class='ocr_line' id='line_1_33' title="bbox 98 3342 1183 3407; baseline 0.001 -14"><span class='ocrx_word' id='word_1_272' title='bbox 98 3358 149 3405; x_wconf 88' lang='lat' dir='ltr'><strong>quo</strong></span> <span class='ocrx_word' id='word_1_273' title='bbox 174 3344 296 3407; x_wconf 89' lang='lat' dir='ltr'><strong>primum</strong></span> <span class='ocrx_word' id='word_1_274' title='bbox 321 3343 412 3392; x_wconf 76' lang='lat' dir='ltr'><strong>ebrius</strong></span> <span class='ocrx_word' id='word_1_275' title='bbox 437 3342 524 3393; x_wconf 81' lang='lat' dir='ltr'><strong>iactus</strong></span> <span class='ocrx_word' id='word_1_276' title='bbox 550 3346 617 3392; x_wconf 83' lang='lat' dir='ltr'><strong>eei.»</strong></span> <span class='ocrx_word' id='word_1_277' title='bbox 658 3349 772 3393; x_wconf 88' lang='lat' dir='ltr'><strong>matrem</strong></span> <span class='ocrx_word' id='word_1_278' title='bbox 800 3343 934 3392; x_wconf 84' lang='lat' dir='ltr'><strong>Luciliam</strong></span> <span class='ocrx_word' id='word_1_279' title='bbox 961 3350 1053 3401; x_wconf 77' lang='lat' dir='ltr'><strong>vocat3</strong></span> <span class='ocrx_word' id='word_1_280' title='bbox 1089 3350 1183 3394; x_wconf 87' lang='lat' dir='ltr'><strong>contra</strong></span> 
     </span>
     <span class='ocr_line' id='line_1_34' title="bbox 97 3419 1183 3484; baseline 0.001 -15"><span class='ocrx_word' id='word_1_281' title='bbox 97 3421 165 3472; x_wconf 83' lang='lat' dir='ltr'><strong>Feae</strong></span> <span class='ocrx_word' id='word_1_282' title='bbox 181 3428 214 3472; x_wconf 82' lang='lat' dir='ltr'><strong>ut</strong></span> <span class='ocrx_word' id='word_1_283' title='bbox 234 3421 313 3471; x_wconf 66' lang='lat' dir='ltr'><strong>mmal</strong></span> <span class='ocrx_word' id='word_1_284' title='bbox 331 3434 379 3484; x_wconf 85' lang='lat' dir='ltr'><strong>pro</strong></span> <span class='ocrx_word' id='word_1_285' title='bbox 396 3421 474 3469; x_wconf 76' lang='lat' dir='ltr'><strong>simul</strong></span> <span class='ocrx_word' id='word_1_286' title='bbox 489 3428 519 3469; x_wconf 82' lang='lat' dir='ltr'><strong>at</strong></span> <span class='ocrx_word' id='word_1_287' title='bbox 538 3419 620 3469; x_wconf 89' lang='lat' dir='ltr'><strong>inuei·</strong></span> <span class='ocrx_word' id='word_1_288' title='bbox 657 3421 749 3471; x_wconf 89' lang='lat' dir='ltr'><strong>Scbol.</strong></span> <span class='ocrx_word' id='word_1_289' title='bbox 773 3421 807 3469; x_wconf 86' lang='lat' dir='ltr'><strong>ad</strong></span> <span class='ocrx_word' id='word_1_290' title='bbox 829 3435 855 3472; x_wconf 86' lang='lat' dir='ltr'><strong>r.</strong></span> <span class='ocrx_word' id='word_1_291' title='bbox 877 3420 926 3469; x_wconf 82' lang='lat'><strong>75:</strong></span> <span class='ocrx_word' id='word_1_292' title='bbox 962 3421 1038 3469; x_wconf 83' lang='lat' dir='ltr'><strong>«avia</strong></span> <span class='ocrx_word' id='word_1_293' title='bbox 1060 3421 1183 3483; x_wconf 77' lang='lat' dir='ltr'><strong>Pompeii</strong></span> 
     </span>
     <span class='ocr_line' id='line_1_35' title="bbox 98 3495 1183 3562; baseline -0.004 -12"><span class='ocrx_word' id='word_1_294' title='bbox 98 3505 244 3550; x_wconf 82' lang='lat' dir='ltr'><strong>tatumesl.</strong></span> <span class='ocrx_word' id='word_1_295' title='bbox 261 3495 373 3562; x_wconf 83' lang='lat' dir='ltr'><strong>-tcte]</strong></span> <span class='ocrx_word' id='word_1_296' title='bbox 394 3499 562 3550; x_wconf 76' lang='lat' dir='ltr'><strong>«vinolentia</strong></span> <span class='ocrx_word' id='word_1_297' title='bbox 577 3511 620 3547; x_wconf 91' lang='lat' dir='ltr'><strong>ea·</strong></span> <span class='ocrx_word' id='word_1_298' title='bbox 658 3512 735 3548; x_wconf 85' lang='lat' dir='ltr'><strong>soror</strong></span> <span class='ocrx_word' id='word_1_299' title='bbox 756 3497 855 3547; x_wconf 89' lang='lat' dir='ltr'><strong>Lucilli</strong></span> <span class='ocrx_word' id='word_1_300' title='bbox 876 3498 993 3546; x_wconf 83' lang='lat' dir='ltr'><strong>luerat.»</strong></span> <span class='ocrx_word' id='word_1_301' title='bbox 1023 3521 1053 3532; x_wconf 96' lang='lat'>-</span> <span class='ocrx_word' id='word_1_302' title='bbox 1082 3499 1183 3560; x_wconf 85' lang='lat' dir='ltr'><strong>«Quod</strong></span> 
     </span>
     <span class='ocr_line' id='line_1_36' title="bbox 98 3576 1181 3642; baseline 0 -16"><span class='ocrx_word' id='word_1_303' title='bbox 98 3579 143 3639; x_wconf 85' lang='lat' dir='ltr'><strong>pili</strong></span> <span class='ocrx_word' id='word_1_304' title='bbox 161 3579 348 3642; x_wconf 76' lang='lat' dir='ltr'><strong>perturbato.»</strong></span> <span class='ocrx_word' id='word_1_305' title='bbox 376 3576 467 3628; x_wconf 72' lang='lat' dir='ltr'><strong>Coria.</strong></span> <span class='ocrx_word' id='word_1_306' title='bbox 491 3576 540 3626; x_wconf 81' lang='lat' dir='ltr'><strong>Cn.</strong></span> <span class='ocrx_word' id='word_1_307' title='bbox 571 3576 620 3625; x_wconf 74' lang='lat' dir='ltr'><strong>Ar·</strong></span> <span class='ocrx_word' id='word_1_308' title='bbox 658 3577 843 3627; x_wconf 85' lang='lat' dir='ltr'><strong>lameolliclte</strong></span> <span class='ocrx_word' id='word_1_309' title='bbox 858 3581 993 3639; x_wconf 85' lang='lat' dir='ltr'><strong>quaerunt</strong></span> <span class='ocrx_word' id='word_1_310' title='bbox 1010 3577 1181 3640; x_wconf 81' lang='lat' dir='ltr'><strong>interpretes,</strong></span> 
     </span>
     <span class='ocr_line' id='line_1_37' title="bbox 99 3651 1183 3721; baseline 0.001 -16"><span class='ocrx_word' id='word_1_311' title='bbox 99 3655 425 3707; x_wconf 82' lang='lat' dir='ltr'><strong>cbiloeb.Fr.38.Lieb.:</strong></span> <span class='ocrx_word' id='word_1_312' title='bbox 439 3651 509 3721; x_wconf 74' lang='grc' dir='ltr'><strong><em>οἴνῳ</em></strong></span> <span class='ocrx_word' id='word_1_313' title='bbox 519 3670 620 3720; x_wconf 77' lang='grc' dir='ltr'><em>συγκε-</em></span> <span class='ocrx_word' id='word_1_314' title='bbox 657 3669 742 3719; x_wconf 87' lang='lat' dir='ltr'><strong>quare</strong></span> <span class='ocrx_word' id='word_1_315' title='bbox 761 3655 896 3704; x_wconf 83' lang='lat' dir='ltr'><strong>Lucilium</strong></span> <span class='ocrx_word' id='word_1_316' title='bbox 916 3661 942 3704; x_wconf 86' lang='lat' dir='ltr'><strong>et</strong></span> <span class='ocrx_word' id='word_1_317' title='bbox 959 3655 1086 3706; x_wconf 85' lang='lat' dir='ltr'><strong>Trebatio</strong></span> <span class='ocrx_word' id='word_1_318' title='bbox 1107 3663 1134 3706; x_wconf 90' lang='lat' dir='ltr'><strong>et</strong></span> <span class='ocrx_word' id='word_1_319' title='bbox 1154 3670 1183 3706; x_wconf 84' lang='lat' dir='ltr'><strong>sc</strong></span> 
     </span>
     <span class='ocr_line' id='line_1_38' title="bbox 100 3733 1180 3804; baseline -0.001 -19"><span class='ocrx_word' id='word_1_320' title='bbox 100 3734 259 3802; x_wconf 59' lang='lat' dir='ltr'><strong>monoteta</strong></span> <span class='ocrx_word' id='word_1_321' title='bbox 278 3735 399 3804; x_wconf 82' lang='grc' dir='ltr'><strong><em>φρένας.</em></strong></span> <span class='ocrx_word' id='word_1_322' title='bbox 438 3733 518 3782; x_wconf 75' lang='lat' dir='ltr'><strong>Orici.</strong></span> <span class='ocrx_word' id='word_1_323' title='bbox 540 3733 618 3781; x_wconf 80' lang='lat' dir='ltr'><strong>Rem.</strong></span> <span class='ocrx_word' id='word_1_324' title='bbox 658 3733 799 3783; x_wconf 88' lang='lat' dir='ltr'><strong>meliorem</strong></span> <span class='ocrx_word' id='word_1_325' title='bbox 809 3733 914 3792; x_wconf 82' lang='lat' dir='ltr'><strong>dixerit,</strong></span> <span class='ocrx_word' id='word_1_326' title='bbox 929 3738 1020 3782; x_wconf 89' lang='lat' dir='ltr'><strong>utrum</strong></span> <span class='ocrx_word' id='word_1_327' title='bbox 1030 3735 1180 3793; x_wconf 84' lang='lat' dir='ltr'><strong>nobilitate,</strong></span> 
     </span>
     <span class='ocr_line' id='line_1_39' title="bbox 98 3810 1183 3878; baseline 0.003 -20"><span class='ocrx_word' id='word_1_328' title='bbox 98 3812 157 3860; x_wconf 78' lang='lat' dir='ltr'><strong>Am.</strong></span> <span class='ocrx_word' id='word_1_329' title='bbox 176 3812 243 3863; x_wconf 77' lang='lat' dir='ltr'><strong>aaa:</strong></span> <span class='ocrx_word' id='word_1_330' title='bbox 277 3811 362 3860; x_wconf 78' lang='lat' dir='ltr'><strong>malco</strong></span> <span class='ocrx_word' id='word_1_331' title='bbox 386 3816 504 3872; x_wconf 82' lang='lat' dir='ltr'><strong>tempora</strong></span> <span class='ocrx_word' id='word_1_332' title='bbox 524 3823 619 3874; x_wconf 76' lang='lat' dir='ltr'><strong>quatra</strong></span> <span class='ocrx_word' id='word_1_333' title='bbox 658 3825 693 3860; x_wconf 86' lang='lat' dir='ltr'><strong>au</strong></span> <span class='ocrx_word' id='word_1_334' title='bbox 711 3810 838 3860; x_wconf 77' lang='lat' dir='ltr'><strong>facultate</strong></span> <span class='ocrx_word' id='word_1_335' title='bbox 852 3813 973 3874; x_wconf 71' lang='lat' dir='ltr'><strong>poetica,</strong></span> <span class='ocrx_word' id='word_1_336' title='bbox 993 3825 1029 3861; x_wconf 87' lang='lat' dir='ltr'><strong>an</strong></span> <span class='ocrx_word' id='word_1_337' title='bbox 1047 3825 1111 3878; x_wconf 71' lang='lat' dir='ltr'><strong>apro</strong></span> <span class='ocrx_word' id='word_1_338' title='bbox 1126 3827 1183 3862; x_wconf 91' lang='lat' dir='ltr'><strong>mo·</strong></span> 
     </span>
     <span class='ocr_line' id='line_1_40' title="bbox 99 3883 1181 3960; baseline 0 -22"><span class='ocrx_word' id='word_1_339' title='bbox 99 3902 174 3940; x_wconf 81' lang='lat' dir='ltr'><strong>mero.</strong></span> <span class='ocrx_word' id='word_1_340' title='bbox 197 3915 225 3926; x_wconf 93' lang='lat'>—</span> <span class='ocrx_word' id='word_1_341' title='bbox 248 3883 378 3950; x_wconf 70' lang='lat' dir='ltr'><strong>lacernis]</strong></span> <span class='ocrx_word' id='word_1_342' title='bbox 399 3889 494 3940; x_wconf 85' lang='lat' dir='ltr'><strong>lurco.</strong></span> <span class='ocrx_word' id='word_1_343' title='bbox 510 3887 537 3947; x_wconf 80' lang='lat' dir='ltr'><strong>a,</strong></span> <span class='ocrx_word' id='word_1_344' title='bbox 552 3887 617 3936; x_wconf 75' lang='lat' dir='ltr'><strong>eet:</strong></span> <span class='ocrx_word' id='word_1_345' title='bbox 658 3890 732 3939; x_wconf 87' lang='lat' dir='ltr'><strong>ribus</strong></span> <span class='ocrx_word' id='word_1_346' title='bbox 746 3895 773 3938; x_wconf 89' lang='lat' dir='ltr'><strong>el</strong></span> <span class='ocrx_word' id='word_1_347' title='bbox 789 3891 857 3949; x_wconf 85' lang='lat' dir='ltr'><strong>vila,</strong></span> <span class='ocrx_word' id='word_1_348' title='bbox 878 3889 959 3952; x_wconf 90' lang='lat' dir='ltr'><strong>plane</strong></span> <span class='ocrx_word' id='word_1_349' title='bbox 977 3895 1017 3938; x_wconf 84' lang='lat' dir='ltr'><strong>est</strong></span> <span class='ocrx_word' id='word_1_350' title='bbox 1030 3888 1131 3956; x_wconf 22' lang='lat' dir='ltr'><strong>venial</strong></span> <span class='ocrx_word' id='word_1_351' title='bbox 1146 3887 1181 3960; x_wconf 82' lang='grc' dir='ltr'><strong>τῇ</strong></span> 
     </span>
     <span class='ocr_line' id='line_1_41' title="bbox 100 3963 1181 4037; baseline -0.002 -23"><span class='ocrx_word' id='word_1_352' title='bbox 100 3967 160 4016; x_wconf 82' lang='lat' dir='ltr'><strong>Cum</strong></span> <span class='ocrx_word' id='word_1_353' title='bbox 178 3969 277 4018; x_wconf 77' lang='lat' dir='ltr'><strong>bibitur</strong></span> <span class='ocrx_word' id='word_1_354' title='bbox 292 3968 407 4027; x_wconf 83' lang='lat' dir='ltr'><strong>conabo,</strong></span> <span class='ocrx_word' id='word_1_355' title='bbox 427 3963 619 4016; x_wconf 74' lang='lat' dir='ltr'><strong>comtemner-</strong></span> <span class='ocrx_word' id='word_1_356' title='bbox 657 3963 740 4037; x_wconf 78' lang='grc' dir='ltr'><em>φακῇ</em></span> <span class='ocrx_word' id='word_1_357' title='bbox 761 3963 867 4036; x_wconf 81' lang='grc' dir='ltr'><strong><em>μύρον.</em></strong></span> <span class='ocrx_word' id='word_1_358' title='bbox 906 3967 952 4016; x_wconf 79' lang='lat' dir='ltr'><strong>list</strong></span> <span class='ocrx_word' id='word_1_359' title='bbox 977 3967 1051 4016; x_wconf 90' lang='lat' dir='ltr'><strong>enim</strong></span> <span class='ocrx_word' id='word_1_360' title='bbox 1073 3981 1103 4016; x_wconf 81' lang='lat' dir='ltr'><strong>ex</strong></span> <span class='ocrx_word' id='word_1_361' title='bbox 1126 3979 1181 4014; x_wconf 87' lang='lat' dir='ltr'><strong>ser·</strong></span> 
     </span>
     <span class='ocr_line' id='line_1_42' title="bbox 99 4043 1178 4106; baseline 0 -16"><span class='ocrx_word' id='word_1_362' title='bbox 99 4046 176 4106; x_wconf 80' lang='lat' dir='ltr'><strong>tiqtne</strong></span> <span class='ocrx_word' id='word_1_363' title='bbox 201 4052 296 4096; x_wconf 82' lang='lat' dir='ltr'><strong>tectum</strong></span> <span class='ocrx_word' id='word_1_364' title='bbox 319 4045 442 4094; x_wconf 67' lang='lat' dir='ltr'><strong>ambalat</strong></span> <span class='ocrx_word' id='word_1_365' title='bbox 467 4051 491 4094; x_wconf 85' lang='lat' dir='ltr'><strong>et</strong></span> <span class='ocrx_word' id='word_1_366' title='bbox 511 4043 620 4106; x_wconf 75' lang='lat' dir='ltr'><strong>pentola</strong></span> <span class='ocrx_word' id='word_1_367' title='bbox 658 4057 739 4093; x_wconf 91' lang='lat' dir='ltr'><strong>mone</strong></span> <span class='ocrx_word' id='word_1_368' title='bbox 769 4045 907 4093; x_wconf 85' lang='lat' dir='ltr'><strong>communi</strong></span> <span class='ocrx_word' id='word_1_369' title='bbox 941 4049 1092 4106; x_wconf 79' lang='lat' dir='ltr'><strong>sumptum,</strong></span> <span class='ocrx_word' id='word_1_370' title='bbox 1125 4056 1178 4104; x_wconf 87' lang='lat' dir='ltr'><strong>quo</strong></span> 
     </span>
    </p>
   </div>
   <div class='ocr_carea' id='block_1_9' title="bbox 0 0 1432 4782">
    <p class='ocr_par' dir='ltr' id='par_1_15' title="bbox 0 0 1432 4782">
     <span class='ocr_line' id='line_1_43' title="bbox 0 0 1432 4782; baseline 0 0"><span class='ocrx_word' id='word_1_371' title='bbox 0 0 1432 4782; x_wconf 95' lang='lat' dir='ltr'><strong> </strong></span> 
     </span>
    </p>
   </div>
  </div>
 </body>
</html>
