2928 4794
216 299 296 372 aad
345 387 349 396 ἱ
552 320 690 366 noanon
713 309 949 365 cataroe-suun

219 463 365 537 Fabula,
387 478 451 542 qua
475 457 605 522 Paridis
629 454 766 539 propter
789 455 944 517 narratur
965 461 1107 514 amarent

220 583 363 648 Graecia
386 580 568 646 Barbariae
591 578 681 648 lento
706 575 823 642 collisa
845 573 971 658 duello,
1014 602 1017 607 ·

220 697 405 768 Stultorum
427 717 543 782 regum
566 701 600 761 et
623 696 816 778 populorum
839 695 992 758 continet
1011 695 1135 756 aestus.

109 825 116 838 '
222 821 378 884 Antenor
400 821 516 893 ceraset
538 816 615 879 belli
639 813 832 898 praecidere
855 831 996 878 causam.

223 936 310 1018 Quid
332 929 456 1007 Paris?
477 935 524 1002 Ut
547 937 663 1010 salvias
683 939 804 1020 regnet
828 937 985 1016 vivatque
1008 933 1143 1007 ueatusq
1265 909 1305 986 1⁰

223 1058 306 1145 Cogi
330 1077 430 1141 posse
453 1060 564 1143 negat.
611 1055 736 1120 Nestor
758 1071 956 1136 componere
978 1054 1055 1116 lites
1090 1061 1092 1070 “
1127 1111 1129 1118 ,

223 1181 318 1242 Inter
340 1177 478 1241 Peliden
502 1178 639 1240 festinat
661 1178 695 1239 et
717 1177 805 1239 inter
827 1171 986 1238 Atriden:

222 1298 321 1363 Hune
347 1315 454 1372 amor,
477 1299 525 1387 ira
548 1295 676 1382 quidem
700 1268 915 1358 communiter
936 1293 1001 1355 urit
1023 1297 1205 1376 utrumque.

226 1413 392 1500 Quidquid
415 1416 557 1480 delirant
578 1433 695 1503 reges,
718 1416 910 1498 plectuntur
931 1413 1066 1478 Achivi.

277 1623 300 1672 1.
337 1623 422 1674 ato.
443 1623 511 1684 oasa
523 1624 625 1672 rarae
644 1619 690 1684 u]
710 1621 772 1671 oso.
794 1621 868 1682 aava
886 1621 980 1679 Para,
1000 1627 1030 1670 at
1048 1605 1085 1670 u.

264 1719 301 1768 ll.
338 1719 622 1770 v.12.Pstetaemt.
946 1779 951 1784 1

251 1815 302 1865 111.
340 1815 388 1878 llp.
409 1816 445 1866 11.
465 1830 491 1866 v.
512 1816 555 1865 10.
577 1815 652 1876 Quod
668 1816 760 1870 Parta.
779 1821 810 1864 at
828 1827 844 1864 e
863 1814 947 1866 codd.

224 1980 322 2032 modae
339 1987 445 2032 vacent.
467 2005 496 2016 ···
518 1976 630 2041 Fabula]
650 1985 679 2029 ut
694 1978 748 2042 μῦ·
786 1949 934 2043 Spmtolara
946 1982 1027 2040 dedit,
1041 1983 1168 2030 coaddit.
1189 1982 1310 2044 nospes-

225 2056 292 2120 θος,
313 2062 398 2108 totum
410 2059 541 2121 poematis
553 2059 656 2108 heroici
669 2071 748 2119 argu·
786 2060 831 2108 det
843 2059 895 2108 l.l.
916 2064 1058 2125 «γυναῖκα
1076 2061 1130 2124 μὲν
1155 2055 1212 2110 οὐκ
1236 2057 1310 2110 ἀπο·

139 2171 146 2176 -
226 2143 358 2186 mentum.
378 2163 411 2172 —
430 2133 585 2199 Barbariae]
606 2137 746 2201 Phrygiae,
785 2133 882 2199 δώσω,
902 2138 949 2186 sed
973 2151 1038 2199 opas
1063 2151 1124 2186 euru
1150 2137 1197 2186 llis
1217 2149 1309 2199 aspor-

226 2220 256 2264 ut
267 2227 360 2276 saepe.
397 2213 500 2264 Ennius
516 2215 544 2264 in
557 2214 747 2266 Andromacha
786 2219 881 2264 talasa
890 2216 959 2266 Κατ’
970 2217 1120 2281 εἰρωνείαν
1130 2217 1188 2266 elus
1197 2212 1309 2278 respou-

225 2307 255 2354 p.
272 2293 316 2342 35.
336 2293 429 2343 Bulla:
449 2294 572 2344 adstante
591 2307 638 2355 epe
655 2293 749 2342 tarta·
787 2306 846 2342 sum
872 2294 909 2343 ita
934 2294 1066 2344 convertit
1086 2307 1118 2342 aa
1138 2295 1161 2342 si
1183 2295 1308 2344 dixisset:

224 2371 297 2429 aaa,
317 2371 343 2419 id
362 2377 417 2430 est,
436 2371 561 2434 Phrygia.
584 2389 614 2406 -ν
641 2369 747 2432 collisa]
787 2370 936 2432 «Equidem
958 2384 1008 2433 ego
1030 2370 1106 2420 nulla
1124 2373 1150 2421 vi
1168 2372 1227 2434 cogi
1249 2383 1310 2438 pps·

227 2449 326 2512 «longo
343 2449 415 2502 hello
434 2450 597 2510 conflictata,
616 2451 749 2500 violenter
786 2461 861 2503 sum,
890 2455 919 2498 ut
939 2451 1049 2511 optione
1073 2449 1139 2501 milri
1160 2443 1221 2499 dats
1244 2462 1310 2512 praa

226 2529 398 2580 commissa.»
435 2527 607 2580 stat.uhet›.
628 2529 660 2588 6,
679 2529 746 2578 t35:
787 2528 897 2576 interitu
916 2527 1016 2589 eligam
1035 2529 1117 2578 vitani
1139 2529 1247 2578 beatam
1267 2539 1310 2576 re-

227 2604 371 2656 Ambitiosa
391 2609 452 2668 ptos
470 2607 570 2656 collidit
587 2604 673 2670 picria
694 2608 750 2669 tra·
787 2618 1085 2668 quumqueseourumzo
1097 2608 1216 2670 proprio:
1230 2606 1310 2668 «lpse

228 2688 289 2732 tres.
327 2683 371 2734 Sic
395 2685 583 2752 συγκρούειν.
602 2704 636 2720 ·-
655 2683 748 2732 Utrum
788 2697 866 2734 suum
893 2685 1002 2734 exitium
1029 2683 1130 2743 temere
1157 2691 1238 2748 atque
1269 2686 1310 2734 iu-

227 2761 261 2810 sit
283 2761 368 2810 exitus
391 2774 485 2813 versus
510 2761 628 2812 Enniani
644 2774 748 2824 lucane,
787 2763 911 2812 consulto
930 2764 1010 2812 saluti
1025 2765 1192 2826 anteponit.»
1212 2765 1310 2812 Totum

228 2839 336 2888 deliniri
357 2839 401 2890 vix
422 2844 518 2900 potest,
538 2853 600 2889 aum
622 2839 750 2888 Horatius
788 2839 841 2889 looi
855 2841 909 2891 rim
927 2855 958 2890 ae
976 2841 1148 2892 testivitatem
1165 2842 1310 2892 imminue·

228 2916 373 2978 aliquoties
390 2921 480 2966 utatur
497 2917 584 2968 torma
598 2919 750 2980 antiquiore
789 2924 864 2978 runt,
885 2921 976 2982 etqui
995 2921 1188 2970 distinxerunt:
1217 2916 1310 2980 «Quid

228 2995 351 3044 duellum.
388 2995 517 3046 Consulto
534 3002 623 3048 autem
642 3009 750 3058 praece·
788 2997 865 3044 Paris
882 2996 960 3057 lacit,
980 3005 1010 3048 ut
1029 2994 1105 3062 (quo)
1124 3000 1310 3060 saloasreqnst

227 3072 353 3124 dentibus
373 3075 541 3130 tenuioribus
557 3076 672 3137 opponit
693 3088 750 3125 rer·
787 3075 908 3136 vivatque
928 3076 1038 3125 beatus?
1057 3077 1120 3140 copi
1137 3086 1212 3138 posse
1230 3081 1311 3138 aeqat

228 3163 289 3200 sum
322 3165 386 3202 vare
411 3153 561 3202 heroicum.
591 3178 617 3190 -
638 3150 749 3213 aestas]
788 3153 822 3200 ad
832 3154 998 3204 reddendam
1007 3155 1183 3204 mulierem»
1197 3155 1311 3204 etltent-

231 3231 332 3280 usnimi
342 3233 558 3298 perturbationes
568 3233 751 3282 vehementio-
788 3233 857 3282 leius
878 3223 1047 3296 praeterens!
1080 3237 1154 3297 Quod
1181 3234 1258 3284 Parta
1280 3240 1311 3282 ut

228 3323 300 3360 res.»
323 3303 407 3362 Max.
434 3311 594 3374 Tyr.1,1:
623 3308 675 3360 τὸν
699 3309 751 3374 τῆς
788 3317 851 3381 eet,
872 3313 971 3362 idest:
997 3313 1091 3375 «Quod
1111 3309 1311 3376 (uthellioau-

226 3387 331 3453 ψυχῆς
356 3387 461 3446 σάλον.
498 3381 573 3450 Virg.
601 3389 655 3438 Cir.
682 3387 748 3438 ata:
788 3402 846 3438 sam
875 3389 1040 3454 praecidat),
1072 3397 1154 3453 negat
1177 3404 1206 3439 se
1231 3402 1311 3452 possa

168 3517 171 3520 ,
225 3465 355 3516 Solliettos
373 3469 457 3516 animi
474 3468 635 3518 relevaverat
653 3473 748 3516 aestus.
788 3468 843 3516 ulla
874 3471 999 3518 mercede
1031 3472 1092 3532 cogi
1122 3473 1170 3519 'aut
1196 3469 1309 3528 inducit

261 3546 367 3597 9-12.
404 3542 537 3606 Antenor]
564 3547 598 3595 ll.
624 3563 658 3611 η,
687 3545 748 3594 348.
788 3544 1065 3610 etiamotdsrhare:
1086 3545 1237 3611 posito‚ut)
1257 3547 1310 3596 sal-

226 3623 285 3674 Lir.
301 3624 327 3682 1,
341 3624 372 3671 1:
390 3622 667 3686 Aeaeae-Antenorqae
675 3626 750 3684 paea
788 3639 837 3675 vus
857 3632 967 3686 regnato
987 3633 1050 3694 cet,
1071 3641 1123 3690 qua
1145 3628 1173 3676 in
1195 3627 1310 3689 expliea-

224 3698 418 3763 rsddeadaeque
441 3701 553 3750 Hekaae
580 3695 679 3763 semper
702 3715 749 3750 au·
787 3703 861 3752 tione
888 3709 1029 3766 praeterea
1052 3707 1132 3756 etiam
1157 3706 1223 3754 illud
1246 3717 1309 3766 pre-

225 3784 308 3826 atores
326 3779 442 3840 sanant.
474 3803 504 3814 -
530 3776 696 3841 praecidere]
720 3785 749 3828 ut
786 3783 860 3832 cario
880 3785 1037 3834 assumitur.
1058 3808 1089 3819 -
1108 3781 1211 3846 Nestor]
1231 3783 1264 3832 ll.
1278 3797 1309 3842 α,

227 3859 327 3906 nautas
356 3853 451 3906 funem
487 3868 605 3907 ancorae
638 3859 747 3917 securi,
786 3859 848 3909 aad.
868 3861 970 3923 Duplex
984 3863 1064 3922 inter,
1078 3863 1173 3924 laquo
1186 3863 1230 3911 liic
1244 3873 1310 3923 quo·

226 3931 364 3994 trappas.
393 3958 423 3970 -
451 3934 520 3996 Quid
536 3933 631 3998 Parta]
661 3937 747 3999 «Quid
786 3953 839 4001 qua
860 3937 973 3988 ollandit
989 3935 1138 4000 sentiens,
1161 3939 1262 3989 dtSat.
1281 3941 1308 3998 1,

225 4015 320 4064 canus
332 4010 397 4061 tacit
408 4011 525 4062 Paristo
546 4014 607 4065 Ter.
621 4012 706 4066 Andr.
721 4017 746 4076 1,
785 4017 812 4076 μ1,
827 4017 885 4076 11.,
905 4031 937 4066 ex
949 4019 1146 4068 consuetudine
1159 4023 1201 4068 est
1212 4019 1308 4068 Latina

226 4091 258 4150 1,
285 4089 335 4140 dtr
373 4089 441 4152 Quid
464 4091 635 4155 Pamphilus?
666 4095 748 4158 quid?
785 4094 829 4146 sal
853 4095 924 4156 apud
951 4095 1120 4146 Ciceronem.
1156 4096 1232 4147 Luat.
1255 4096 1307 4146 aar
