2920 4792
184 296 187 302 ·
224 269 312 340 1272
596 291 741 338 nonnuli
755 287 954 336 ssrrnnnum

232 430 384 495 Mulvius
406 433 439 494 et
462 447 598 495 scurrae
621 430 680 493 tibi
702 447 768 492 non
790 427 968 492 referendo
990 426 1118 510 precati

232 549 429 613 Discedunt.
458 549 589 612 Etenim
612 548 728 614 fateor·
743 566 810 630 me,
833 546 954 610 dixerit
976 547 1049 628 iile,

232 668 319 733 Ituci
342 671 462 732 ventre
483 668 608 751 levem,
631 685 745 730 nasum
768 665 884 729 nidore
906 665 1061 747 supinor‚
1115 653 1141 695 7

158 861 160 864 .
233 787 437 873 ImbecilluS,
460 787 566 869 iners,
588 786 615 848 si
639 782 717 868 quid
739 776 808 862 vis,
830 781 932 867 addc,
955 785 1090 866 popino.

234 905 302 983 Tu,
323 878 395 971 cum
418 907 466 968 sis
487 903 576 987 quod
598 923 663 991 ego
686 906 720 967 et
742 902 898 966 fortassis
921 903 1075 984 nequior,
1098 901 1185 963 ultro
1273 895 1315 954 40

233 1026 407 1089 Insectere
429 1025 523 1090 velut
544 1024 659 1086 melior
680 1023 858 1104 verbisque
881 1019 1012 1086 decoris
1180 997 1182 1002 ¹

235 1139 410 1210 Obvoivus
431 1134 575 1234 vitium?¹
597 1138 701 1222 Quid,
724 1141 752 1205 si
773 1155 825 1203 me
846 1141 982 1203 stultior
1003 1140 1075 1223 ipso

286 1351 308 1400 1.
347 1347 384 1413 (v.
405 1350 450 1400 36.
470 1351 578 1400 Habent
596 1351 710 1402 Mulvius
723 1347 798 1413 bSc.)
818 1366 844 1401 v.
858 1351 902 1400 tn.
916 1353 973 1413 ipso
986 1363 1120 1412 superscr.
1136 1351 1188 1400 cb.
1201 1351 1256 1410 tpse
1269 1323 1311 1399 Sc.
1396 1381 1400 1385 -

177 1485 180 1488 ·
274 1457 310 1506 ll.
347 1470 373 1509 v.
394 1456 438 1505 36.
457 1457 562 1509 Milvius
581 1456 656 1506 LCT.
693 1471 720 1506 v.
740 1456 784 1507 39.
804 1457 827 1504 st
845 1457 946 1519 quiduis
964 1455 1015 1504 LC.
1054 1469 1080 1506 v.
1099 1455 1143 1504 tu.
1163 1457 1218 1516 ipsc
1237 1453 1312 1503 [ΕΤ.

236 1621 328 1672 «Clam
358 1626 384 1670 te
408 1621 524 1684 proripis
550 1621 690 1684 currisque
721 1620 755 1670 ad
794 1621 845 1669 hec
859 1618 1081 1682 imprecationes,
1103 1619 1136 1667 de
1153 1619 1315 1681 quibuslis-

115 1685 118 1692 ’
177 1755 184 1761 .
233 1699 382 1757 amicum»
402 1704 431 1747 ut
448 1699 516 1761 Epp.
536 1700 562 1758 1,
582 1699 608 1758 5,
627 1699 678 1748 31:
704 1712 756 1760 po·
793 1711 842 1747 vus
860 1697 966 1746 locutus
983 1700 1055 1754 cret3
1075 1701 1116 1744 est
1134 1696 1267 1745 defensio.

234 1779 299 1826 otico
316 1777 380 1839 faite
397 1777 524 1826 clientem.
828 1774 956 1825 38-41.
995 1770 1089 1834 levem]
1112 1773 1210 1822 Libere
1234 1775 1317 1836 igitur

583 1863 585 1870 ·
794 1852 925 1901 fatebitur
933 1865 1037 1911 scurra,
1058 1864 1104 1900 «sc
1121 1856 1213 1914 utpote
1228 1851 1316 1901 horni-

269 1929 313 1978 36.
333 1929 377 1979 37.
398 1926 520 1991 Mutuiuc]
536 1931 610 1980 elam
622 1931 686 1992 iuga
699 1935 755 1989 tue,
794 1943 857 1979 nem
878 1930 966 1997 levem
987 1929 1050 1991 golt
1067 1929 1101 1976 ad
1119 1934 1145 1978 te
1161 1930 1316 1980 conrivato-

235 2007 262 2056 id
291 2011 340 2062 est,
367 2019 495 2069 praeceps
524 2013 586 2057 tuns
613 2009 701 2057 abitus
725 2022 756 2058 ex
794 2021 852 2056 rem
871 2008 1005 2057 deducu»
1026 2002 1191 2069 (nemgtaies
1207 2019 1315 2068 quoquc

235 2085 327 2144 domo,
342 2084 370 2132 in
386 2097 467 2134 causa
484 2091 534 2145 est,
555 2092 585 2134 ut
596 2086 714 2137 Mulvius
731 2091 757 2136 et
794 2085 919 2134 homiues
930 2084 1015 2138 enirni
1029 2096 1110 2132 cause
1125 2084 1259 2133 interdum
1273 2097 1316 2132 er-

235 2161 282 2210 ulii
311 2174 432 2223 scurrae,
463 2163 509 2225 qui
544 2169 676 2213 renerent
709 2177 756 2227 spe
794 2163 911 2225 cipiebet
928 2162 1058 2214 conviviis
1074 2162 1216 2221 Horatius,
1237 2168 1266 2210 ut
1283 2175 1315 2210 ex

235 2239 319 2287 illecti
342 2238 418 2298 iore,
450 2245 479 2288 ut
499 2241 692 2302 invitarentur,
721 2242 755 2291 ub
795 2241 914 2303 ipsorum
933 2244 959 2288 ct
971 2239 1091 2289 moribus
1104 2243 1131 2288 et
1143 2240 1315 2290 sermonibus
1345 2271 1349 2274 -

236 2316 351 2366 ianitore
371 2317 436 2366 iussi
454 2318 529 2368 abiro
549 2333 688 2382 coenaque
701 2319 756 2368 iru-
794 2318 935 2367 materiam
950 2317 1038 2366 satiris
1048 2318 1103 2366 suis
1113 2313 1250 2379 pereretz)
1263 2317 1316 2365 oci-

235 2395 322 2455 struti,
337 2395 409 2444 diras
423 2397 471 2445 tibi
485 2397 678 2459 imprecemur,
690 2411 756 2460 quas
795 2397 891 2445 borum
901 2395 996 2445 nidore
1010 2406 1106 2444 nasum
1120 2396 1171 2443 sibi
1183 2396 1314 2457 supinari,

200 2536 203 2540 .
235 2474 402 2528 nos-servuli
418 2475 466 2523 tibi
483 2475 585 2525 reterre
602 2490 658 2526 non
675 2476 757 2525 aude·
797 2469 907 2536 (attolli.
927 2477 957 2520 ut
970 2473 1067 2534 cupide
1086 2485 1148 2520 eum
1161 2466 1311 2532 oiieeiut.)»

234 2565 309 2612 mus,
337 2552 475 2614 timentes,
503 2567 537 2602 ne
555 2559 631 2615 tergo
650 2567 696 2603 eas
714 2566 756 2622 eu·
796 2550 902 2600 «Facile
916 2551 1039 2612 patior,u
1070 2550 1157 2611 inquit
1179 2549 1314 2607 Mulvius,

236 2630 310 2691 piare
327 2629 502 2690 debeamus.»
524 2656 552 2666 —
581 2632 678 2680 dicerit
697 2628 754 2692 itte]
795 2641 839 2676 me
857 2633 911 2676 ete
930 2627 1250 2681 nomineriimbccittum,
1270 2639 1316 2674 cu-

235 2708 295 2758 Non
313 2708 391 2768 quasi
407 2709 512 2756 cautius
530 2707 644 2770 loquens
662 2709 695 2756 de
716 2720 757 2756 se·
795 2705 932 2768 pidinibus
950 2705 1095 2754 obnoxium
1116 2710 1143 2754 ct
1164 2705 1250 2766 turpis
1268 2704 1315 2753 otii

236 2788 291 2831 met
317 2783 374 2843 ipso
401 2784 489 2834 Davus
507 2790 619 2846 usurpet
639 2785 700 2844 itte,
722 2777 755 2834 «ὁ
795 2787 982 2844 appetentem
1001 2783 1097 2842 etiem,
1116 2782 1206 2841 siris,
1223 2783 1317 2844 peiora

236 2857 330 2917 δεῖνα,
355 2860 527 2921 quispiemzo
555 2863 621 2911 sed:
655 2861 756 2910 «facile
795 2858 879 2917 addc,
899 2860 1167 2908 meessehomincm
1185 2871 1315 2921 nequem,

236 2946 313 2983 suam
335 2949 446 2985 oausam
464 2937 593 2989 adversus
612 2944 637 2988 te
656 2939 691 2988 ite
712 2939 757 2987 de·
796 2936 842 2998 qui
869 2949 977 2997 semper
999 2937 1026 2984 in
1048 2937 1154 2999 popinis
1184 2941 1314 2988 versetur.

235 3011 352 3061 teuderii
364 3013 481 3064 Mulvius
497 3028 618 3070 scurra.»
650 3016 756 3064 Etenim
795 3013 896 3062 Verum
914 3027 975 3063 cum
997 3020 1024 3063 tu
1038 3016 1134 3064 eodem
1153 3015 1233 3076 gulae
1249 3014 1315 3066 vitio

235 3089 309 3139 Davo
332 3090 421 3139 minus
443 3094 570 3142 convenit
590 3108 616 3143 v.
634 3093 693 3153 39.;
715 3107 757 3159 re·
796 3093 913 3140 tenearis
930 3098 956 3141 et
969 3093 1005 3141 sis
1016 3092 1181 3142 fortasseme
1189 3092 1314 3155 nequior,

234 3165 743 3233 ptimquidemlupeneredire(otti.)
795 3183 844 3218 cur
861 3171 970 3219 tandem
989 3170 1074 3229 ultro,
1101 3183 1115 3218 a
1138 3184 1181 3220 me
1202 3184 1258 3220 non
1279 3169 1316 3218 ia·

235 3258 291 3299 non
308 3245 400 3308 plures
413 3247 492 3297 horas
507 3249 534 3297 in
548 3249 655 3310 popinis
668 3249 756 3298 terere
795 3247 922 3307 cessitas,
944 3248 990 3296 sed
1009 3249 1085 3309 quasi
1105 3252 1150 3296 tuo
1167 3248 1225 3297 iure
1244 3249 1316 3296 insu·

236 3328 340 3385 poterat
365 3337 472 3382 servus,
501 3319 590 3388 neque
613 3329 757 3376 insectatur
795 3339 843 3388 per
851 3325 917 3374 mihi
932 3327 1031 3388 probra
1042 3326 1178 3388 ingeristo
1191 3349 1220 3360 ···
1236 3320 1315 3384 iners]

234 3401 316 3450 herus
334 3415 467 3464 servum,
500 3405 547 3452 sed
574 3405 687 3466 castiget
712 3404 756 3455 vel
796 3403 839 3451 Sic
857 3402 969 3451 Lucieni
990 3403 1126 3459 Parasitus
1144 3403 1316 3454 G.1.libere

234 3479 383 3538 verbislrel
403 3481 577 3540 verberibus,
600 3496 689 3545 neque
711 3483 757 3531 de·
795 3479 893 3528 fatetur
906 3493 934 3529 se
953 3480 1057 3529 nuliam
1078 3486 1178 3543 artem,
1198 3482 1242 3538 cui
1259 3481 1316 3544 qui·

234 3557 317 3618 nique
330 3571 393 3606 cum
405 3559 542 3620 mancipio
551 3573 579 3608 se
592 3565 690 3621 purget
701 3573 757 3610 vcr-
796 3558 858 3606 dem
880 3559 1047 3607 consuetudo
1069 3559 1121 3608 hoc
1145 3571 1246 3608 nomen
1271 3559 1316 3608 iri-

234 3631 389 3683 tisdecoris.
419 3635 510 3684 Restat
524 3635 757 3685 difficultaseSe-
795 3635 875 3694 bunt,
908 3635 1025 3694 cellere,
1058 3635 1235 3685 nihilominus
1261 3651 1316 3686 me·
1342 3625 1346 3630 ”

235 3708 344 3757 nodone
356 3711 525 3770 significata:
545 3713 580 3760 Le
587 3713 671 3778 :poete
684 3714 756 3762 auoit
796 3725 879 3774 gnum
898 3725 927 3762 se
944 3727 1003 3762 esse
1021 3713 1151 3762 artificem
1168 3727 1316 3764 coenarum

234 3785 421 3850 rufflsamment
436 3788 552 3849 pre'ocou
563 3795 626 3838 cette
637 3789 755 3850 me'prtse,
795 3790 846 3838 rite
865 3792 1069 3852 capiendarum.
1093 3815 1121 3824 -
1141 3794 1165 3840 si
1181 3792 1246 3855 quid
1261 3789 1315 3853 vir]

234 3875 266 3910 en
277 3864 381 3926 faisant
393 3865 449 3914 dire
462 3863 479 3914 ὰ
491 3865 582 3914 navos
591 3867 653 3928 qu'it
661 3869 756 3915 n’osoit
794 3866 866 3918 Male
883 3868 949 3917 olim
962 3871 1078 3918 edebant
1089 3872 1112 3918 si
1124 3872 1238 3932 quidvis.
1259 3869 1315 3922 Cic.

234 3939 335 4002 re'pttcr
366 3941 401 3990 les
429 3942 529 4004 inpuros
554 3943 618 3992 dont
644 3944 757 3993 Mulvius
795 3945 829 3992 ed
850 3941 904 3994 Ati.
924 3945 1000 4006 m:
1023 3949 1143 3997 Tironem
1161 3948 1250 3997 Patris
1271 3961 1316 3996 ae-

234 4018 368 4082 etnrpcait
388 4020 501 4070 Horace.
547 4019 600 4080 Sed
620 4035 674 4070 non
694 4026 756 4071 sunt
794 4024 972 4087 prumrcttpui
985 4011 1179 4081 adolescentem,
1193 4025 1314 4085 retroacti,
