2842 4808
257 276 339 348 574
717 231 863 346 'suasuri

253 442 321 493 Nam
339 438 422 489 iudici
441 437 553 501 poeseos
574 437 661 500 perito
680 439 785 491 tuntum
802 437 936 488 eiusmodi
953 449 996 488 rus
1008 443 1071 502 apte
1083 437 1164 490 scribi
1177 444 1323 502 potueruut.

253 523 396 574 Horatium
416 521 612 571 consuetudine
634 520 763 571 Pisonum
781 521 956 571 coniunctum
978 523 1062 574 multa
1080 522 1114 572 de
1131 524 1207 584 poesi
1223 524 1324 586 saepius

252 621 314 656 cum
334 619 367 656 eo
391 605 435 656 rel
458 605 664 668 praesentibus,
691 606 735 654 rel
756 618 954 668 nonnunquam
976 619 1132 655 sermonum
1156 607 1324 670 participibus

253 691 315 741 liliis
335 690 498 746 collocutum
519 701 597 746 esse,
617 689 674 740 reri
690 689 779 738 simile
796 693 845 738 est.
883 689 934 750 Qui
948 701 1087 740 sermones
1104 691 1203 752 passim
1220 690 1324 740 tortasse

252 773 434 838 respiciuntur
451 773 485 821 ab
505 771 633 838 lioratioz
666 772 732 834 quin
753 772 899 822 consilium
921 773 1057 837 quoddam
1080 774 1218 836 singulare
1238 775 1271 823 de
1287 773 1325 823 Pi-

251 870 348 907 sonum
371 858 473 905 maiore
494 856 520 904 ei
541 853 624 904 luisse
645 853 725 904 facile
754 854 865 917 largiar.
914 843 1001 917 Quale
1027 856 1127 916 luerit,
1159 861 1267 920 propter
1288 858 1324 906 rei

251 940 442 992 obscuritatem
467 947 598 1000 quaerore
625 937 767 1000 displicet,
799 951 868 1002 quae
894 943 968 988 tsntn
994 944 1056 998 est,
1086 945 1116 988 nt
1142 940 1185 990 rlr
1211 953 1324 1002 uuquam

251 1024 380 1074 illustrari
404 1035 483 1085 posse
507 1022 638 1072 viduatur.
687 1021 780 1084 Neque
805 1027 1011 1087 praeterquam,
1037 1024 1110 1086 quod
1135 1023 1258 1072 ultimum
1278 1025 1325 1072 boc

251 1108 461 1158 lioratianorum
481 1117 595 1167 operum
615 1117 674 1153 esse
691 1105 763 1164 diri,
791 1110 897 1168 tempus
919 1107 1028 1168 quidem
1046 1107 1201 1156 accuratius
1219 1106 1325 1156 definire

250 1199 373 1254 possum.
420 1189 479 1238 lloc
502 1189 584 1250 igitur
607 1188 767 1249 opusculum
792 1195 853 1252 post
873 1190 977 1242 Horatii
1003 1195 1117 1239 mortem
1138 1195 1274 1252 repertum
1296 1203 1323 1238 cr
1399 1168 1400 1234 l

249 1278 412 1336 argumento
431 1271 539 1322 titulum
559 1275 682 1333 petentes
709 1270 802 1321 Artem
827 1273 961 1335 poeticam
986 1274 1193 1336 inscripserunt.
1238 1273 1325 1321 tiram-

250 1358 358 1427 matici‚
391 1356 419 1405 ui
440 1354 538 1413 fallor,
559 1353 722 1417 arripuere,
753 1355 782 1404 iu
802 1362 889 1414 certas
911 1361 1000 1419 partes
1021 1357 1155 1414 divisere,
1188 1355 1324 1418 diligenter

250 1441 403 1503 explicuere
429 1437 580 1501 discipulis.
627 1436 794 1488 llivisiouem
821 1444 911 1489 autem
937 1453 968 1489 er
992 1439 1078 1488 libelli
1105 1440 1198 1488 indole
1224 1438 1322 1498 iecere,

250 1528 331 1586 atque
350 1522 412 1572 inde
431 1519 608 1584 Quinctilium
632 1519 717 1581 illud,
745 1522 798 1572 «io
818 1523 908 1584 prima
923 1527 1002 1585 purte
1020 1521 1081 1586 libri
1098 1523 1129 1572 ds
1143 1521 1213 1574 ‚Arte
1227 1522 1324 1583 pottlou

247 1607 352 1672 fluctuo
369 1607 516 1657 acutiano.»
704 1597 706 1600 ’

676 1731 899 1746 m

248 1889 402 1956 Humano
424 1891 525 1974 capiti
546 1891 716 1966 >cervicem
738 1891 848 1974 pictor
870 1879 1019 1972 equinam

248 2009 394 2099 Iungere
415 2012 444 2074 si
468 2011 606 2076 vetitet
627 2013 741 2076 varies
764 2009 922 2076 inducere
947 2012 1077 2094 plumas

283 2204 328 2253 IV.
358 2202 391 2252 Α.
424 2202 454 2252 Ρ.
508 2217 536 2255 r.
567 2203 595 2253 2.
628 2217 728 2266 patmos
758 2203 824 2254 God.
859 2201 959 2266 Regius
994 2165 1066 2268 apud
1102 2203 1194 2255 Bentl.
1231 2205 1323 2269 [mmor
1401 2165 1402 2196 ³

247 2274 336 2326 Bentl.
365 2272 493 2336 suspicio.
1096 2273 1106 2282 ·’

282 2435 361 2487 1-5.
397 2435 429 2485 lu
451 2435 561 2484 exordio
582 2430 636 2498 (rr.
658 2432 766 2498 t-na.)
803 2435 845 2485 so.
868 2455 898 2472 -·
917 2431 1054 2497 iuducere]
1076 2435 1226 2497 «penicillo
1244 2436 1321 2496 impo·
1402 2493 1403 2498 Ἰ

247 2513 299 2565 hoc
316 2514 486 2578 potissimum
504 2513 638 2573 inculcat,
657 2513 768 2576 simplem
804 2526 897 2562 uere.»
912 2511 979 2564 Aca.
997 2519 1103 2564 «cetera
1116 2517 1239 2566 membra
1253 2526 1321 2576 prae·
1402 2509 1403 2528 ¹

246 2596 388 2650 dumttsnct
414 2599 438 2642 ct
466 2605 547 2640 uuum
574 2605 635 2648 esse
667 2592 767 2641 debere
803 2596 845 2640 ter
884 2597 965 2652 caput
1001 2592 1151 2642 humanum
1187 2596 1214 2641 et
1248 2589 1320 2653 piscis

247 2672 361 2736 quodris
383 2670 448 2720 artis
465 2683 543 2731 opus.
589 2670 664 2718 Unde
684 2683 767 2733 oppo·
804 2668 917 2720 caudam
937 2670 1048 2731 insuper
1061 2670 1161 2732 plumis
1175 2671 1320 2732 variegarc,

247 2751 352 2802 sitionis
381 2761 461 2798 causa
490 2748 608 2810 primum
641 2748 767 2810 proponit
803 2749 871 2798 adeo
890 2753 920 2796 ut
939 2753 1024 2798 totum
1045 2753 1198 2798 monstrum
1221 2752 1320 2808 compo·

246 2831 355 2880 foedum
378 2840 410 2875 ac
430 2825 574 2874 ridiculum
596 2831 764 2884 monstrum,
804 2828 883 2875 situm
902 2828 938 2876 sit
952 2841 982 2876 er
1002 2828 1135 2886 muliere,
1156 2841 1247 2891 equo,
1266 2825 1320 2874 aliis

246 2909 274 2958 iu
293 2919 345 2969 quo
363 2904 468 2953 nullum
486 2909 527 2952 est
545 2905 687 2964 vestigium
704 2905 766 2951 sim·
803 2906 965 2954 animalibus
987 2903 1159 2967 (nominatim
1182 2907 1210 2954 in
1232 2911 1320 2953 trunco

246 2984 372 3049 plicitatis
393 2981 482 3041 itlius,
510 2995 589 3045 quam
616 2996 688 3031 nunc
707 2981 766 3029 uni-
803 2981 965 3046 etpedibus)
982 2986 1076 3032 avibus
1093 2985 1222 3047 etpisce,
1244 2993 1320 3045 prope

246 3071 326 3114 tutem
359 3063 512 3124 orpcutcum
545 3059 634 3110 dicere
667 3060 764 3126 solent.
803 3067 831 3111 nt
853 3063 957 3123 Virgilii
984 3063 1071 3126 Scylla
1098 3061 1169 3112 Aen.
1196 3063 1227 3123 ³,
1254 3061 1318 3110 unu:

247 3143 318 3198 uNec
335 3139 501 3204 φαντασίας
514 3139 627 3188 audacia
645 3152 674 3187 se
693 3139 765 3200 quis·
802 3140 894 3190 Primo
923 3143 1034 3192 bominis
1059 3143 1138 3200 facies
1166 3147 1202 3191 ct'
1216 3140 1319 3202 pulchro

245 3235 327 3285 quam
351 3223 473 3275 excuset,
501 3219 547 3266 ubi
566 3219 593 3266 in
611 3218 685 3266 illam
705 3231 765 3280 pec·
801 3219 991 3284 pe'ctorcvs'rpc'
1004 3221 1071 3270 Pube
1086 3211 1174 3279 tcuus',
1191 3223 1320 3281 postremo

245 3300 329 3358 curit3
350 3310 437 3359 ucqne
451 3310 515 3345 vero
530 3296 653 3358 singulae
666 3297 765 3344 descri-
798 3299 911 3346 'immoni
920 3311 1028 3358 corpore
1037 3300 1152 3359 malma,
1170 3297 1319 3358 Delphinum

244 3379 350 3444 ptiones
368 3387 401 3424 ac
418 3369 519 3444 ῥήσεις
538 3387 586 3436 per
602 3388 631 3423 se
650 3373 764 3423 tortasse
801 3376 900 3424 condus
924 3382 1000 3425 utero
1026 3375 1160 3424 commissu
1185 3376 1317 3436 luporem,

244 3456 468 3520 pulcherrimae,
510 3452 556 3500 illa
590 3453 636 3501 ubi
662 3453 762 3512 deest,
802 3458 828 3502 et
851 3454 965 3504 llorceto
989 3453 1017 3502 iu
1039 3455 1156 3503 nummis
1180 3451 1318 3502 Ascalonia

244 3536 340 3598 poema
360 3530 469 3592 aliquod
487 3530 640 3604 absolutum
657 3545 689 3580 ac
705 3543 763 3594 per·
802 3531 935 3592 Iudaeae,
954 3533 1019 3582 item
1034 3533 1134 3581 mulier
1149 3532 1177 3580 in
1196 3531 1263 3580 duas
1283 3528 1317 3591 pi·

244 3613 344 3664 lectum
355 3609 497 3660 reddunt.»
512 3633 541 3645 -
557 3607 690 3672 tinomao]
703 3609 763 3672 lpsa
801 3610 1001 3660 sciumcandus
1014 3609 1141 3660 desinens
1156 3605 1316 3658 iu'nummis

242 3692 388 3742 verborum
409 3688 596 3740 'collocatione
626 3685 765 3740 decussa
801 3690 832 3740 1..
848 3690 947 3754 Valerii
963 3689 1092 3739 duciculi.
1113 3686 1227 3751 (Eckbel
1239 3687 1271 3737 n.
1284 3686 1314 3736 N.

242 3767 531 3829 Humano-comm,
551 3767 764 3828 cupiticcrctcsm
800 3769 832 3818 V.
851 3782 878 3830 p.
900 3765 976 3830 331.)
999 3791 1031 3804 ·-
1057 3764 1177 3829 plumos]
1190 3811 1194 3816 .
1206 3763 1315 3816 Bentleii

242 3845 410 3899 evidentiora
430 3843 508 3893 dunt.
525 3867 553 3880 ·-
567 3839 672 3904 cadus]
694 3844 761 3893 udis·
800 3847 917 3916 suspicio
934 3859 986 3910 per
1009 3859 1038 3896 se
1055 3846 1241 3910 improbabilis
1260 3845 1314 3907 for-

243 3924 352 3990 parium
376 3923 526 3974 colorum.»
574 3917 673 3990 Παρὰ
701 3939 763 3974 ποι·
797 3938 855 3976 mcc
867 3925 1031 3986 signiticaret
1043 3927 1180 3976 emembrs
1195 3925 1222 3973 in
1236 3923 1313 3972 aliam

241 4003 414 4073 κιλοτρίχων
432 3998 545 4051 οἰωνῶν
565 4013 596 4049 er
618 3999 696 4063 potita
713 4000 762 4074 ali·
798 4002 913 4053 sormam
940 4009 1077 4062 mutarem
1104 4009 1133 4064 ut
1153 4002 1231 4054 Ovid.
1250 4000 1310 4054 llas.

228 4073 296 4144 ‘qno
320 4085 361 4130 est
382 4079 454 4142 apud
471 4075 542 4128 Piut.
568 4078 629 4130 adv.
658 4077 761 4130 Stoicos
798 4082 826 4142 7,
845 4073 916 4134 cua:
935 4083 1078 4133 humanum
1091 4081 1209 4136 membris
1227 4079 1311 4129 indu·
