2920 4792
512 310 576 358 bis.
598 310 633 356 lt.
676 310 749 356 SM·
770 308 813 356 ill·

124 451 179 517 'l'u
200 468 287 518 cave
307 468 352 514 ne
373 447 517 531 minuas,
538 452 591 528 tu,
613 467 656 513 ne
677 448 911 515 maius-foetos
931 448 982 534 id,

123 569 223 652 Quod
244 571 329 636 satis
351 587 427 636 esse
448 571 544 654 putat
566 572 663 652 pater
683 572 718 633 et
739 571 861 634 nature
881 572 1027 636 coercet.

69 667 71 669 ¹
122 690 307 756 Praeterea
330 708 373 754 ne
394 707 459 754 vos
479 690 592 755 titillet
613 689 738 775 gloria,
761 691 832 754 lure

122 809 270 874 Iurando
293 809 499 896 obstringam
520 781 633 874 ambo:
653 810 729 872 uter
749 808 868 874 aedilis
889 810 1035 876 fueritve
1144 805 1205 868 leo

46 953 51 957 ·
122 930 280 994 Vestrum
301 931 454 1013 praetor,
475 930 506 992 is
526 912 726 994 intestabilis
748 932 782 993 et
804 947 902 996 sacer
923 933 1006 996 esto.

122 1051 163 1112 ln
186 1051 297 1114 cicere
317 1052 419 1131 atque
439 1048 519 1114 fabe
539 1049 628 1113 bona
650 1050 685 1110 tu
708 1047 897 1133 perdasque
918 1051 1056 1135 lupinis,

121 1168 230 1232 Latus
251 1169 346 1232 utin
368 1163 465 1232 Circo
487 1169 634 1250 spatiere
657 1170 691 1231 et
712 1175 837 1232 aeneus
859 1172 895 1232 ut
916 1173 1004 1250 stes,

122 1286 242 1352 Nudus
263 1289 375 1374 agris,
396 1285 506 1350 nudus
527 1288 681 1370 nummis,
703 1288 835 1370 insane,
858 1290 1023 1372 paternis3

122 1403 263 1480 Scilicet
285 1413 322 1468 nt
344 1407 497 1489 plausus,
520 1425 604 1488 ques
624 1405 693 1470 lert
713 1406 888 1492 Agrippa,
909 1408 1002 1473 ieras
1023 1411 1078 1491 tu,
1143 1405 1202 1468 18⁵

120 1521 249 1590 Astuta
269 1527 450 1613 ingenuum
470 1527 590 1610 volpes
611 1527 738 1590 imitata
759 1527 898 1590 leonem.

174 1755 197 1804 1.
235 1770 262 1809 v.
281 1755 343 1806 181.
362 1756 386 1804 ie
404 1769 538 1818 superscr.
557 1754 630 1804 ets.
666 1769 693 1807 r.
713 1754 774 1805 183.
794 1719 842 1805 out
859 1769 953 1807 cenem
971 1770 995 1807 c.
1016 1752 1160 1822 (doubs.)

160 1859 198 1909 ll.
236 1873 262 1911 r.
283 1860 343 1910 183.
361 1867 409 1912 cot
427 1874 521 1910 certem
539 1860 636 1911 LCTF.

119 2039 234 2099 molari,
253 2040 303 2089 sed
315 2040 484 2102 quioceidit,
504 2041 644 2103 parricidii
681 2043 727 2091 bat
746 2055 842 2104 quam
871 2042 942 2105 quod
961 2056 1023 2092 cum
1040 2043 1072 2091 lis
1090 2043 1202 2094 coniun-

118 2132 177 2168 non
199 2117 359 2176 damnatur3
389 2131 454 2166 uam
480 2120 644 2181 legetribu-
681 2125 754 2168 ctum
772 2125 843 2177 orat,
864 2126 894 2168 ut
914 2120 1024 2176 infimae
1044 2121 1202 2182 plebeculae

119 2197 416 2258 nitiaprimacavetur:
431 2195 642 2258 lefflsutJm,
680 2197 980 2256 distribuereturcicer,
1000 2197 1081 2257 taba,
1101 2198 1200 2260 lupini.

119 2275 182 2336 Qui
191 2265 451 2324 EOPLEBlSClTO
461 2275 641 2335 sacensis,
680 2274 734 2324 Sed
761 2274 884 2323 consulto
913 2275 997 2326 veluti
1024 2277 1201 2338 contemptim

119 2352 641 2410 occinua1r,e1aa1cln1Nam.
680 2353 798 2414 loquitur
811 2353 844 2400 de
857 2353 990 2403 eiusmodi
1003 2353 1082 2414 ludis,
1098 2360 1128 2403 ut
1138 2355 1202 2404 Per·

6 2439 11 2452 “
118 2429 157 2478 Er
178 2443 233 2492 quo
251 2431 340 2492 quivis
356 2432 439 2481 homo
457 2433 545 2482 malus
561 2437 642 2494 atque
680 2432 735 2479 sius
760 2430 928 2489 5,176.-
956 2429 1056 2494 Latus]
1088 2433 1201 2483 «cubitis

119 2507 262 2570 improbus
286 2522 360 2558 socer
389 2511 520 2573 appellari
545 2510 641 2561 solet.»
679 2509 735 2558 late
746 2509 861 2557 distenta
870 2514 960 2570 togam
980 2515 1009 2558 ut
1025 2509 1110 2572 Epod.
1123 2511 1151 2569 d,
1166 2509 1204 2559 'le

119 2581 537 2656 (ebrloeundoeesloobt.)
680 2586 1053 2650 bietriomolnoramtopa.
1092 2587 1202 2635 «Utru-
1268 2616 1270 2624 ·

153 2662 314 2712 182-186.
351 2664 427 2714 llaec
443 2666 535 2714 omnia
556 2667 642 2714 mani·
679 2663 891 2714 blimtae'acedere
909 2678 958 2726 pro
971 2663 1091 2732 fastuose
1105 2662 1201 2713 etma-

117 2738 187 2790 testo
203 2739 336 2803 Oppidius
353 2741 432 2800 dicil;
452 2756 504 2792 nec
523 2743 641 2794 Stertinil
680 2742 778 2804 gallice
800 2743 907 2805 saepius
924 2744 1072 2805 reperitur,
1102 2743 1139 2791 ita
1156 2755 1201 2791 eo-

119 2823 196 2878 eont,
223 2823 254 2867 ut
270 2817 317 2867 alii
340 2819 493 2870 voluerunt.
531 2821 641 2883 Utrique
680 2821 742 2869 dem
756 2835 836 2870 eensu
850 2826 876 2870 et
889 2823 948 2884 pari
960 2822 1117 2883 metaphora
1131 2821 1201 2870 lotus

119 2908 185 2944 sane
197 2895 256 2944 filio
274 2909 360 2958 aeque
375 2910 469 2947 severe
489 2898 640 2959 interdicit,
679 2900 794 2948 incedere
811 2898 854 2950 vel
873 2901 988 2962 spatiari
1006 2901 1109 2949 dictum
1127 2901 1199 2951 vids·

118 2985 153 3022 ne
175 2971 325 3022 honoribus
350 2975 455 3037 inhient
479 2975 641 3037 patrimonio
680 2981 750 3026 tur.»
769 2977 873 3028 Basra.
894 2973 938 3040 (ln
959 2979 1089 3041 exemplis
1108 2982 1200 3028 umen

120 3049 269 3098 damnosis.
317 3050 384 3112 Sed,
413 3054 463 3102 etsi
480 3055 566 3116 magis
587 3067 642 3102 me·
680 3055 714 3103 ab
731 3068 764 3103 eo
783 3054 872 3104 allatis
891 3055 992 3118 legitur
1007 3069 1081 3106 nunc
1098 3071 1124 3107 v.
1148 3057 1201 3106 elo-

119 3127 251 3176 tuendum
277 3134 351 3189 erat,
380 3143 415 3180 ne
441 3130 526 3184 Aulus
560 3143 641 3196 quam
680 3128 743 3194 tor.)
760 3157 790 3167 -
808 3140 833 3182 et
845 3130 956 3194 otone]
976 3135 1149 3185 «Necessaria
1160 3139 1201 3184 est

119 3204 245 3254 Tiberius
262 3211 404 3269 propterea
421 3207 562 3258 facultates
578 3223 641 3258 suas
679 3197 747 3263 baec
763 3211 935 3268 emendatio:
960 3225 1094 3274 nusquam
1107 3223 1200 3260 aeaeae

116 3281 267 3344 aliquando
284 3284 476 3348 profunderet,
505 3287 642 3337 nihilomi·
679 3286 835 3351 trisyllabon
852 3288 923 3350 apud
938 3293 1041 3339 veteres
1054 3289 1146 3351 politas
1160 3288 1201 3336 in·

118 3372 186 3420 nus,
213 3365 245 3409 ul
266 3361 294 3409 in
316 3375 442 3412 sermone
467 3365 639 3425 quotidiano,
679 3367 772 3418 venias
791 3360 856 3427 (nisi
870 3365 939 3415 torte
952 3367 999 3414 ubi
1012 3379 1094 3428 prave
1108 3367 1200 3415 edide-

118 3438 196 3498 quasi
226 3440 380 3500 generatim
408 3445 488 3504 atque
514 3443 641 3493 universe
679 3448 742 3494 runt
754 3456 803 3505 pro
821 3441 944 3505 wear),
965 3444 1012 3492 sed
1033 3441 1134 3505 ubique
1153 3449 1200 3493 aut

117 3514 285 3578 loqueretur,
306 3519 642 3582 utiturseeuudapersona
679 3526 772 3570 oeneus
795 3524 841 3568 aut
867 3526 974 3570 cemus.»
1006 3521 1111 3572 Bsnru.
1143 3522 1198 3573 Cir.

117 3595 225 3642 numeri
238 3595 402 3656 singularis,
431 3602 474 3652 ta,
491 3585 642 3648 =«alteruter
678 3599 770 3662 Meyer
781 3597 864 3648 luth.
878 3599 936 3648 Lat.
952 3599 974 3649 l.
988 3598 1099 3650 Aduott.
1114 3615 1141 3663 p.
1153 3601 1198 3652 17.

6 3683 16 3706 ·
117 3676 239 3722 vestrum
265 3673 409 3728 ambove.»
428 3696 462 3736 ,··
487 3675 521 3722 Im
543 3671 639 3736 cicero]
679 3699 711 3711 -
737 3683 768 3726 ut
791 3673 857 3738 ates]
893 3681 939 3729 out
961 3678 1010 3726 tibi
1037 3679 1200 3731 decernatur

117 3747 204 3799 Ludos
236 3750 387 3811 significat,
415 3764 531 3814 qnorum
559 3753 640 3802 editio
679 3759 764 3803 statim
790 3767 887 3814 aarea3
926 3755 974 3804 sed
1003 3756 1054 3807 bac
1084 3758 1199 3820 gloriola

118 3834 226 3890 propter
239 3827 403 3896 gladiatores
413 3829 587 3890 exhibendos,
602 3830 641 3878 io·
678 3832 804 3894 abreptus
826 3833 930 3882 interea
952 3847 1010 3883 rem
1030 3839 1103 3885 tuam
1120 3837 1198 3886 iami-

117 3917 176 3952 rum
186 3906 300 3964 statius,
319 3906 423 3970 circum
442 3908 525 3955 tensis
541 3921 640 3966 ornau-
677 3909 774 3958 liarem
788 3910 937 3973 disperdes.
975 3914 1075 3961 Verum
1093 3914 1197 3963 adeone

118 3981 196 4042 dum,
230 3983 350 4032 maiores
380 3984 473 4045 utique
503 3986 639 4048 impensas
678 3985 897 4048 stultustueris,
920 3993 950 4037 ut
966 4002 1057 4051 speres
1077 4003 1196 4052 unquam

76 4120 78 4122 Ι
118 4060 249 4176 ιοάἰίὶὴν
267 4075 301 4112 ac
313 4062 483 4124 praetoribus
499 4062 639 4118 contrabe-
677 4062 749 4124 iore,
769 4069 799 4116 ut
811 4070 948 4128 tamquam
968 4066 1045 4116 alteri
1061 4066 1198 4129 Agrippae
