2888 4810
181 325 188 334 -
270 283 352 360 522
608 309 749 358 uunnrn
776 309 1013 390 nursrennuon
1110 309 1115 312 ·

268 451 386 516 Intulit
407 450 537 539 agresti
559 449 673 536 lntl03
694 451 744 516 sic
766 449 921 514 lrorridue
941 451 1023 515 illc·

268 537 415 637 Danuuii
438 589 594 636 numerus
614 567 794 637 Saturnius
815 572 850 636 ei
871 589 980 659 grave
1001 573 1094 636 uirus

266 691 455 758 Munditlae
478 691 653 777 pepulere3
675 691 736 758 sed
758 693 792 758 in
814 678 949 780 longum
971 696 1083 758 tanuen
1103 670 1222 758 aevum

219 891 227 900 ,
266 813 469 882 Manseruni
491 805 655 898 hodieque
671 817 812 880 manent
831 814 980 902 uestigia
996 815 1099 880 ruris.

265 929 372 1000 Serus
390 935 480 999 enlm
503 933 644 1000 Graecis
664 933 813 1000 admovit
834 938 985 1002 acumina
1007 934 1148 1010 chartis,

266 1053 312 1120 lit
334 1059 412 1140 posi
433 1054 561 1122 Punica
583 1055 672 1132 bella
692 1057 825 1140 quietus
846 1071 1010 1150 quaerere
1030 1057 1158 1140 coepit,

269 1342 369 1402 curlo,
389 1343 436 1406 qui
448 1355 544 1392 omnes
565 1347 628 1392 ante
645 1341 787 1393 Graeciam
826 1342 1004 1405 neglexerunt
1020 1342 1100 1392 rudes
1123 1342 1167 1392 isti
1189 1343 1296 1406 podiae,
1313 1347 1337 1392 ci

266 1428 372 1484 captam
391 1421 552 1472 floruerunt.
597 1421 686 1486 Quid,
715 1422 786 1484 quod
826 1422 900 1470 omni
910 1434 1009 1484 genere
1019 1421 1186 1471 solutionum
1196 1419 1337 1470 unicurt·-

265 1500 332 1551 Liuii
345 1498 494 1551 Andronici
507 1505 581 1550 aetas
601 1498 692 1549 rnuliis
705 1501 786 1550 annis
826 1500 981 1550 Postremus
1003 1499 1208 1559 Romanorum,
1227 1500 1270 1562 qui
1290 1499 1334 1548 lroc

265 1579 414 1643 praecessit
431 1579 512 1629 etiarn
533 1583 625 1640 captas
643 1577 787 1647 Syracusas
826 1584 912 1629 matre
931 1583 1060 1637 uteretur,
1080 1578 1167 1630 Varro
1180 1577 1261 1630 innuo
1273 1577 1336 1628 ride

264 1654 303 1720 (a.
323 1671 351 1707 ιι.
371 1671 395 1706 c.
411 1653 506 1720 uin),
526 1658 560 1708 de
578 1657 678 1720 quibus
697 1657 787 1708 livius
826 1662 871 1722 tur
899 1657 926 1706 in
955 1656 1085 1707 Satiris.»
1136 1657 1236 1707 Contra
1258 1667 1335 1718 nuper

263 1736 313 1796 25,
329 1735 382 1786 to:
405 1736 466 1786 inde
480 1737 598 1798 primun
615 1735 720 1786 initium
740 1737 788 1786 mi·
825 1735 945 1794 Dinaea
961 1735 1097 1786 etLersclr
1115 1731 1258 1798 (dammas.
1271 1747 1336 1796 uuam

263 1813 681 1865 rondiilrcecornmurtlomcet.
694 1815 787 1879 Neque
824 1819 934 1872 cecum,
952 1811 1090 1864 Satanan.
1117 1813 1231 1864 Bennae
1255 1807 1335 1874 1⁸38.)

264 1905 331 1942 vero
356 1891 485 1942 Horatius
509 1892 652 1954 cogitavit,
689 1899 718 1942 ut
742 1907 788 1945 vo·
825 1893 1071 1946 ostendereconaii
1086 1898 1169 1942 sunt:
1194 1889 1336 1942 «Saturnio-

184 1977 190 1984 '
263 1969 374 2021 luerunt
387 1969 528 2031 nonnulli,
544 1962 579 2021 'de
592 1971 692 2032 Magna
705 1971 787 2024 Grae·
825 1985 897 2032 rum,
908 1982 976 2034 quoa
987 1975 1095 2032 uocant,
1107 1975 1336 2023 versunmcertam

264 2049 325 2108 cia,
345 2046 415 2111 quae
436 2053 515 2112 cupio
535 2049 680 2100 Brundisio
699 2047 738 2114 (a.
757 2065 785 2101 u.
825 2049 941 2100 termam
959 2063 1100 2114 nunquam
1118 2051 1252 2102 exstitisse
1264 2049 1336 2112 idque

230 2129 234 2134 '
263 2141 289 2178 c.
317 2123 393 2191 487.)
412 2132 467 2178 tota
487 2127 516 2178 in
537 2129 722 2180 Romanorum
748 2130 787 2180 di·
825 2129 914 2191 ipsum
927 2142 958 2179 er
974 2129 1335 2192 velerumgramrnutiecrum

265 2207 375 2256 cionem
391 2207 562 2267 redactaest.
585 2229 617 2242 -
636 2207 692 2258 Cir.
705 2208 784 2260 ovid.
825 2207 977 2270 praeceptis
1019 2208 1167 2258 manifesto
1205 2217 1334 2271 apparere.

262 2284 335 2336 Fast.
352 2285 380 2346 8,
399 2285 484 2336 1012.
499 2286 621 2338 danuam
637 2289 787 2338 tradiderat
825 2285 919 2348 linquo
938 2286 966 2336 lr.
987 2285 1007 2336 l.
1026 2300 1052 2338 v·
1077 2300 1216 2336 nanterum
1233 2300 1286 2337 non
1305 2282 1335 2334 sl·

262 2364 650 2418 victasuictoridosortcs
664 2365 790 2428 ermom.
824 2361 1087 2427 gnificare'certum
1118 2372 1254 2427 metrum,
1293 2363 1334 2413 sed

263 2443 421 2508 facundum,
438 2444 484 2494 sed
494 2443 562 2519 mole
572 2445 642 2510 [orte
652 2458 783 2510 nm·
817 2449 926 2516 ¹metunt
946 2449 972 2496 et
995 2445 1107 2496 modurn
1125 2446 1246 2510 aliquem
1265 2443 1334 2509 anila·

248 2517 345 2584 ⁴ceruit]
374 2521 453 2585 capo
477 2527 504 2573 et
528 2523 570 2584 is,
604 2523 651 2586 qui
680 2524 783 2584 vineit,
823 2525 920 2574 irarum
939 2529 1014 2578 certa
1037 2524 1098 2588 lege
1122 2531 1287 2582 carentem.»
1306 2543 1332 2558 -·

262 2605 290 2652 et
306 2601 357 2661 is,
385 2601 433 2664 qni
450 2600 575 2654 delectat.
620 2603 679 2653 line
703 2603 785 2666 igitur
821 2601 911 2666 uinta]
940 2605 1101 2668 plerumque
1125 2618 1226 2656 succus
1246 2601 1331 2654 noxior

261 2680 342 2730 dicit:
359 2679 458 2738 'cartas
474 2685 506 2731 'et
520 2681 681 2748 disciplinae
701 2681 785 2733 Gree-
822 2696 854 2732 ac
866 2688 1015 2734 venenatus
1027 2719 1035 2744 ,
1048 2688 1106 2734 tum
1119 2687 1147 2734 et
1156 2684 1250 2735 foedus
1262 2681 1330 2739 odor,

261 2773 357 2808 cornua
371 2759 501 2811 Romanis
514 2760 662 2815 etiamtunc
673 2762 784 2826 aureati·
821 2767 851 2812 nt
868 2763 1001 2824 castorei,
1023 2763 1099 2826 Virg.
1120 2763 1172 2814 (le.
1192 2764 1218 2825 1,
1239 2761 1292 2821 58„
1311 2763 1334 2808 ei

262 2835 309 2888 dass
329 2832 508 2902 (rudioribus)
527 2839 595 2890 adeo
610 2839 781 2903 placuerunt,
821 2841 943 2903 ingratus
957 2855 1056 2905 sapor,
1070 2847 1099 2894 ut
1113 2857 1203 2906 aquae
1211 2842 1332 2898 marinae,

260 2920 307 2975 ut,
328 2918 466 2978 tamquam
479 2916 502 2966 si
516 2917 567 2980 ipsi
579 2917 677 2969 devicti
692 2924 784 2970 essent
821 2933 890 2983 quae
919 2921 995 2972 notio
1021 2922 1049 2972 lr.
1073 2922 1093 2972 l.
1125 2923 1214 2985 aptior
1239 2919 1333 2972 ridetur

261 2991 425 3050 elinancio,
446 2996 584 3058 propriam
607 2996 727 3047 indolem
748 2997 782 3047 ad
821 3013 902 3064 quam
922 3005 969 3050 aui
986 3001 1060 3052 virus
1080 3001 1268 3063 serpentium,
1293 2999 1334 3045 aiil

258 3071 310 3123 lros
338 3071 567 3130 conformarent.»
617 3075 683 3127 Cato
710 3077 782 3140 apud
820 3078 910 3128 sanies
919 3092 1019 3130 carrum
1032 3080 1204 3130 rabiosorum
1213 3077 1333 3130 aarum

259 3149 318 3202 liv.
337 3151 381 3211 ut,
400 3152 437 3202 dt
455 3153 556 3210 iamin
573 3153 711 3206 &aeciam
723 3155 780 3204 Asi·
819 3157 982 3210 ucoeffitotis.
1007 3155 1075 3222 (Cic.
1094 3158 1170 3210 iaci.
1191 3155 1246 3220 23.)
1280 3156 1332 3206 Nou

258 3243 351 3294 amque
369 3233 575 3284 tremmndtmus
594 3233 712 3284 omnibns
725 3233 782 3284 lidi·
820 3235 893 3286 enirn
913 3242 969 3286 tarn
982 3237 1100 3288 retertur
1116 3239 1150 3288 ad
1169 3237 1269 3288 iamnea
1281 3247 1332 3284 car·

258 3309 352 3358 Mum
377 3310 503 3370 illecebris
523 3311 636 3373 repletas
652 3319 678 3362 et
695 3313 782 3376 reniet
820 3315 893 3365 urina
911 3321 938 3366 et
954 3317 1059 3367 rabiem
1080 3314 1117 3381 (v.
1141 3314 1232 3379 itta),
1258 3325 1331 3378 quam

258 3387 339 3440 etium
357 3394 528 3439 attrectamus
544 3403 641 3455 ouum:
669 3404 698 3440 eo
722 3391 782 3452 plus
819 3393 853 3444 ad
875 3385 958 3445 totam
977 3396 1097 3446 indolem
1115 3397 1244 3447 rusticam
1258 3399 1331 3456 atqua

257 3465 367 3526 torreo,
398 3481 431 3517 ne
456 3467 519 3527 ilice
544 3470 631 3532 mund
654 3482 696 3518 rer
722 3480 782 3518 nos
819 3471 950 3524 incultam
973 3475 1077 3536 priseae
1099 3477 1189 3539 poesis
1209 3474 1329 3526 Latinae,

259 3546 410 3606 ceperint
430 3559 525 3608 quum
542 3560 600 3596 nos
619 3547 711 3598 illus.
819 3564 850 3600 an
861 3552 1066 3604 indiciosaltem
1077 3554 1194 3604 Horatii.
1213 3573 1245 3590 -
1261 3550 1330 3603 Mun·

274 3621 422 3676 tus-160.
432 3621 557 3688 Deducit]
567 3624 726 3676 «Paullatim
733 3626 781 3676 La·
818 3628 918 3694 ditiue]
939 3634 1035 3695 partim
1049 3639 1134 3684 metra
1148 3633 1265 3693 Graeca,
1278 3641 1330 3694 par·

257 3699 306 3748 tini
317 3713 349 3750 eo
360 3701 397 3750 uti
409 3701 573 3753 desierunt.»
583 3727 615 3738 -
628 3703 780 3770 saturnius]
819 3710 866 3760 tirn
887 3711 986 3762 cultior
1002 3717 1029 3763 et
1042 3714 1135 3776 purior
1148 3725 1246 3771 sermo,
1265 3709 1328 3758 idem

257 3778 431 3830 Burmannus
449 3781 519 3843 Epit.
544 3783 629 3832 doctr.
648 3789 727 3834 meir.
752 3799 779 3847 p.
818 3802 902 3852 prope
931 3794 1013 3855 atque
1037 3792 1186 3856 clementio,
1219 3798 1326 3854 quacum

256 3857 325 3908 nii:
340 3859 489 3911 «Numeros
503 3861 660 3911 habethosz
674 3863 780 3914 Dabunt
818 3867 940 3929 iungitur
954 3871 1088 3920 munditia
1109 3884 1123 3919 a
1142 3870 1244 3921 Ciain
1260 3866 1327 3916 urst.

254 3936 353 3998 mulum
363 3939 460 3989 Metalli
472 3939 570 3990 Naevio
579 3945 683 4001 poetae.
701 3938 779 4005 (Nae-
817 3945 862 3998 22.
878 3969 909 3984 ··
923 3945 1065 4012 dodoque]
1079 3949 1225 4013 Praecipue
1237 3947 1264 3997 in
1276 3935 1328 3993 car·

256 4016 333 4068 vius:
355 4018 453 4068 Novem
472 4019 540 4068 lovis
556 4021 693 4070 concordes
710 4023 781 4088 filine
817 4025 945 4080 minibus„
957 4027 1134 4080 Fescenninis
1155 4035 1182 4080 et
1200 4029 1227 4078 in
1244 4022 1326 4076 nimis
1418 4063 1419 4068 ι

253 4095 378 4162 surena).
400 4096 454 4150 Sed
479 4104 507 4152 et
530 4112 672 4153 caesuram
698 4116 778 4166 saepe
816 4105 1020 4172 Atellanisque3
1056 4109 1102 4160 red
1128 4107 1257 4173 quaedam
1279 4103 1326 4154 llo·
