2920 4792
536 305 603 350 nin.
626 303 658 348 11.
702 302 776 348 SA'I'.
799 302 832 346 V.

477 723 752 814 SA'HRA
801 725 866 811 V·

126 951 203 1018 Hoc
226 969 377 1038 quoque,
400 949 545 1029 Tiresia,
567 955 704 1034 praeter
725 953 862 1014 narratu
885 951 1013 1033 petenti

126 1072 334 1157 Responde,
357 1073 475 1156 quibus
498 1073 638 1136 amissas
660 1089 819 1155 reparare
843 1089 959 1154 queam
981 1089 1037 1134 res

164 1266 195 1314 V.
234 1266 268 1316 ln
288 1280 321 1316 eo
341 1266 458 1328 populo,
480 1266 552 1328 apud
571 1280 651 1329 quem
691 1271 845 1316 mentorum
874 1265 1069 1326 captandorum
1094 1265 1214 1316 studium
1285 1268 1287 1277 ’

128 1343 254 1407 ingentes
282 1358 347 1408 opes
376 1359 424 1407 per
454 1345 532 1407 plura
560 1345 652 1394 secula
691 1347 725 1395 ab
738 1347 903 1410 heredipetis
917 1353 1054 1408 tamquam
1069 1345 1214 1408 singularis

129 1428 326 1483 coacervatae,
346 1437 435 1487 neque
454 1437 502 1476 eae
522 1437 572 1486 per
584 1437 654 1474 mer·
691 1427 825 1489 quaedam
846 1439 889 1476 ars
905 1432 930 1476 et
948 1428 1073 1489 proprius
1086 1431 1214 1489 quaestus

129 1511 252 1553 caturam
272 1508 317 1552 aut
330 1503 500 1564 opificiorum
514 1508 540 1551 et
553 1504 652 1552 artium
691 1511 871 1554 exerceretur.
884 1504 938 1555 Cir.
947 1507 1013 1555 ilor.
1023 1505 1123 1568 Epp.1,
1132 1505 1157 1563 1,
1168 1503 1213 1552 77.

129 1583 262 1633 industria
272 1581 407 1630 laboriose
417 1583 594 1644 conquisitae,
605 1582 652 1632 sed
691 1583 786 1632 Cicero
793 1583 890 1632 Parad.
899 1584 925 1640 5,
933 1585 959 1632 2.
968 1584 1070 1632 Seneca
1078 1584 1111 1632 de
1118 1580 1213 1630 Benei.
1310 1571 1315 1578 ’

128 1677 161 1712 ex
174 1667 229 1721 toto
243 1668 378 1710 terrarum
388 1661 454 1708 orbe
464 1660 598 1710 bellorum
612 1673 651 1708 ra·
691 1662 717 1721 6,
732 1661 775 1710 38.
797 1661 881 1724 Epist.
896 1663 939 1711 68.
959 1662 1030 1710 Plin.
1054 1663 1088 1712 fl.
1112 1665 1144 1714 N.
1168 1658 1212 1716 14.

129 1743 202 1804 pinis
212 1745 322 1790 coactae
333 1745 359 1788 et
369 1753 504 1788 summam
512 1739 652 1790 avaritiam
691 1738 816 1791 Prooem.
827 1740 951 1792 luvenal.
965 1740 1020 1790 Sat.
1040 1741 1083 1790 12.
1103 1741 1211 1792 Petron.
1235 1799 1238 1804 ,

129 1824 170 1879 et,
191 1819 268 1868 Livio
282 1823 364 1876 teste,
384 1818 539 1866 desiderium
552 1831 602 1879 per
616 1817 654 1864 lu·
691 1817 746 1868 Sat.
768 1819 828 1871 ret.
856 1824 882 1869 et
906 1820 1001 1868 crebro
1024 1820 1095 1882 apud
1120 1821 1216 1870 Lucia·

127 1911 194 1947 xum
214 1903 291 1959 atque
309 1897 441 1944 ttttdtoem
455 1896 582 1956 pereundi
593 1909 654 1956 pcr-
692 1911 772 1957 num,
805 1903 834 1947 ut
853 1898 923 1948 Dial.
946 1899 1026 1949 Mart.
1050 1899 1077 1948 6.
1116 1900 1215 1952 Contra

54 1973 58 1980 '
129 1977 255 2037 derisitque
289 1976 380 2022 omnio
409 1975 592 2035 peperissent;
626 1973 652 2020 in
692 1977 740 2026 hos
752 1977 846 2038 igitur,
867 1978 914 2040 qui
928 1979 1105 2039 vocabantur,
1125 1985 1215 2041 capta-

129 2067 163 2104 eo
180 2055 262 2114 igitur
285 2052 385 2114 populo
408 2065 440 2100 ea
461 2065 505 2100 ars
528 2065 585 2100 rem
607 2065 653 2100 au·
692 2059 763 2103 tores
781 2057 849 2104 haec
870 2057 955 2105 Satira
979 2058 1131 2119 conscripta
1156 2063 1213 2118 est,

100 2169 104 2180 .
129 2133 229 2194 gendi‚
250 2131 368 2193 quaein
388 2131 653 2180 hacSatiradcscri-
692 2146 787 2182 omnes
815 2133 908 2194 dolos,
941 2135 1069 2195 artificia,
1102 2137 1214 2186 insidias

128 2209 652 2272 bitur‚plurimisntiqueinnoxiaatque
692 2211 864 2272 describens,
896 2213 993 2274 quibus
1018 2214 1143 2264 homines
1171 2215 1214 2263 isti

130 2291 196 2338 adeo
219 2290 334 2352 honesta
354 2288 440 2338 videri
462 2288 566 2336 debuit.
603 2287 654 2336 Per
692 2290 730 2338 uti
744 2289 876 2338 sotebant.
915 2291 985 2340 Znnn
1004 2305 1035 2340 ex
1055 2292 1213 2342 Hsrnooar.

129 2369 265 2418 bellorum
280 2367 353 2416 enim
362 2366 482 2418 civilium
493 2367 584 2414 turbas
597 2377 653 2414 ma·
692 2368 728 2416 Er
742 2367 836 2416 festiva
856 2374 946 2418 autem
966 2367 1099 2438 uuprpdtq
1115 2371 1215 2421 idome-

129 2461 181 2509 gna
195 2448 297 2499 civium
311 2459 374 2508 pars
386 2459 495 2495 omnem
509 2457 593 2507 prope
606 2446 653 2493 ho·
692 2446 763 2504 rice,
784 2446 878 2507 inquo
893 2460 993 2508 genere
1010 2447 1081 2507 apud
1095 2447 1213 2498 Graecos

129 2527 240 2575 aestatis
257 2531 286 2574 et
301 2525 407 2574 decoris
427 2535 536 2573 sensum
556 2524 653 2572 amise·
692 2524 860 2573 excellebant
872 2523 970 2574 Σίλλοι
988 2525 1110 2574 Timonis
1125 2525 1215 2576 Phiia·
1234 2515 1239 2528 ⁸

129 2611 186 2664 rat;
206 2610 288 2668 atque
301 2618 364 2654 cum
386 2604 450 2654 satis
467 2603 652 2664 exemplorum
692 2603 739 2657 sii,
768 2602 857 2652 Ulixes
880 2603 967 2664 pergit
988 2603 1157 2664 interrogare
1180 2604 1214 2652 de

129 2683 259 2732 Horatius
278 2683 379 2746 aliique
405 2683 548 2744 scriptores
575 2681 653 2730 nobis
692 2679 921 2730 vicissitudinibus
935 2680 1041 2730 suturae
1055 2695 1119 2730 suae
1131 2681 1212 2736 vitae,

129 2764 293 2824 praebeant,
315 2762 451 2811 Romanos
469 2761 527 2810 eius
546 2760 651 2819 aetatis,
692 2758 823 2820 inprimis
837 2760 870 2808 de
887 2760 1036 2808 certissimo
1053 2773 1117 2821 opes
1134 2761 1214 2808 amis-

130 2842 274 2891 utdivitias
283 2841 485 2902 conquirerent,
496 2839 602 2888 nulium
616 2837 654 2886 le·
692 2849 735 2886 sas
753 2839 931 2900 recuperandi
946 2839 1041 2894 modo,
1062 2839 1132 2890 vatis
1143 2839 1212 2888 The·

130 2921 209 2982 gibus
218 2919 332 2969 vetitum
346 2918 452 2968 facinus
463 2931 551 2980 neque
565 2919 654 2980 periu-
693 2917 755 2966 bani
777 2919 921 2978 umbram,
946 2919 1108 2968 continuans
1135 2919 1213 2981 quasi

130 3000 164 3048 rii
184 3013 235 3048 nec
248 2999 409 3062 parricidii,
435 3003 465 3047 ut
485 2999 518 3047 de
542 2997 652 3048 immani
692 3011 735 3046 vv.
757 2995 852 3060 Odyss.
877 2996 918 3056 1.,
939 2997 1000 3046 137.
1035 2998 1214 3059 Lepidissime

129 3077 373 3137 senoresileamua‚
384 3078 557 3134 detrectasse,
569 3089 654 3138 quau·
693 3088 758 3124 saue
774 3089 822 3138 per
836 3080 919 3125 totam
942 3076 1057 3127 satiram
1073 3077 1213 3126 heroicam

129 3162 159 3217 to
180 3157 277 3206 minus‘
291 3157 344 3206 hoc
364 3156 508 3226 artificium
531 3155 654 3204 reformi·
693 3154 775 3204 Ulixis
793 3167 937 3216 personam
954 3167 1053 3216 rosque
1071 3155 1105 3202 ab
1124 3168 1156 3202 oo
1179 3155 1213 3203 ad

130 3236 269 3294 demerim,
290 3235 363 3297 quod
382 3248 470 3297 neque
490 3235 564 3296 leges
582 3238 654 3286 veta·
693 3234 802 3285 Troiam
821 3237 910 3293 gestas
928 3231 1061 3293 corruptis
1075 3231 1215 3280 Romano-

129 3319 207 3374 rent‚
244 3318 271 3364 et
296 3313 368 3376 quod
401 3319 456 3364 tam
486 3305 515 3360 in
541 3311 654 3374 proclivi
692 3327 752 3361 rum
763 3311 882 3360 moribus
892 3310 1214 3369 coutinuoitaimmiscet,

129 3397 217 3453 esset,
237 3393 370 3456 quoniam
380 3393 408 3440 in
420 3393 460 3441 tria
474 3391 585 3453 perditis
599 3405 653 3438 mo·
692 3396 721 3439 ut
742 3390 810 3438 mira
829 3389 962 3450 quaedam
980 3401 1067 3436 novae
1084 3389 1172 3448 vitae,
1192 3389 1214 3436 si

129 3472 204 3521 ribus
224 3472 345 3522 caelibes
355 3477 380 3520 et
391 3473 449 3520 orbi
468 3472 543 3522 avari
555 3471 582 3518 in
597 3470 654 3518 dies
693 3470 783 3519 dicere
804 3467 881 3527 licet,
915 3467 1039 3515 satiricae
1058 3471 1084 3513 et
1104 3481 1216 3526 φαντα-

130 3557 307 3613 augerentur,
328 3550 655 3613 atqueconsuetudoilo·
692 3547 794 3612 οτικῆς
822 3547 925 3608 species
955 3545 1017 3595 inde
1048 3546 1161 3594 oriatur.
1183 3568 1214 3578 -

133 3629 654 3692 monisse-equentata,maiores‘amicos
693 3627 796 3687 Scripta
823 3629 912 3674 autem
934 3625 1040 3675 videtur
1062 3624 1215 3674 Kirciinero

129 3722 161 3758 ac
182 3709 350 3772 potentiores
372 3709 445 3758 cives
460 3705 536 3756 omui
554 3718 654 3768 genere
693 3721 718 3755 a.
733 3719 761 3754 u.
776 3719 800 3754 c.
814 3705 895 3762 725.;
916 3704 966 3752 alii.
981 3709 1090 3766 propter
1107 3719 1151 3754 vv.
1169 3704 1213 3753 62.

129 3787 283 3838 officiorum
298 3787 493 3849 prosequendi,
507 3799 540 3835 eo
552 3785 655 3834 iacilio·
690 3798 769 3846 seqq.
787 3784 845 3832 sine
858 3796 939 3832 causa
953 3782 1074 3832 referunt
1085 3783 1126 3832 ad
1145 3797 1170 3833 a.
1187 3799 1214 3834 u.

129 3880 185 3916 rem
203 3867 308 3928 aditum
327 3865 362 3914 ad
380 3865 512 3916 eiusmodi
529 3863 655 3912 homines
693 3877 718 3911 c.
738 3862 798 3910 736.
819 3861 862 3912 vel
882 3867 1051 3924 sequentem.

128 3949 293 4012 praeberet?
315 3944 356 3992 lta
367 3945 476 3996 tandem
490 3943 590 3992 factum
604 3947 653 4000 est,
728 3941 805 3988 1-5.
843 3938 977 4002 narrata]
999 3954 1035 3988 «a
1055 3946 1080 3988 te
1097 3941 1163 3988 mihi
1177 3942 1216 3989 di-

129 4030 157 4074 ut
169 4026 286 4076 sortasse
298 4021 586 4084 incultoaliopopuio
600 4033 655 4068 ma·
693 4023 763 4067 cta.»
783 4018 851 4067 Acn.
874 4043 903 4054 -
933 4014 1056 4078 omissos]
1091 4017 1215 4066 «naufra-

128 4105 166 4166 gis
180 4119 264 4170 quam
278 4103 351 4167 apud
366 4102 502 4152 Romanos
516 4102 567 4150 hoc
577 4103 656 4148 testa·
693 4097 744 4158 gio.
762 4101 788 4146 et
806 4110 862 4159 per
886 4109 1011 4158 procos.»
1047 4095 1139 4146 Coun.
1165 4095 1214 4146 Ga.
