2856 4782
246 298 299 368 98
492 375 495 380 .
612 310 753 358 uonnrn
775 290 975 354 nnrtnnnuru
1072 362 1075 368 ⁴

249 455 323 539 Quo
346 455 440 540 pueri
462 431 592 541 mugnis
615 469 633 516 e
655 447 907 515 centurionibus
928 446 1009 524 orti,

246 579 362 643 Laevo
385 573 539 658 suspensi
560 571 692 637 loculos
712 570 924 652 tabulamque
945 567 1094 650 incerto,

247 697 348 763 Ibunt
371 695 503 760 octonis
523 692 712 758 referentes
734 688 850 755 Idibus
872 705 970 772 oeru3
1293 676 1334 740 75

247 813 320 885 Sed
341 833 478 900 puerum
501 815 554 878 est
575 829 678 878 susus
699 810 839 874 Romam
861 785 998 892 portare
1020 803 1205 875 docendum
1414 795 1415 798 ’

247 937 374 1018 Artes,
397 953 481 1020 quus
502 933 623 999 doceat
647 931 756 1016 quivis
778 947 881 1013 eques
903 930 1004 1011 utque
1026 928 1165 992 senator

247 1054 364 1126 Semet
387 1057 585 1144 prognatos.
629 1052 767 1118 Vestem
789 1066 974 1132 seruosque
996 1049 1198 1133 sequentes,

250 1180 291 1244 ln
313 1195 434 1266 magno
456 1176 493 1240 ut
515 1174 658 1258 populo,
680 1172 710 1236 si
733 1171 786 1255 qui
809 1167 966 1254 vidisset,
988 1169 1082 1238 evito

249 1298 306 1364 Ex
326 1316 364 1362 ro
386 1295 542 1380 praeberi
563 1293 715 1377 sumptus
737 1289 814 1355 mihi
836 1287 989 1355 crederet
1011 1289 1097 1354 iilos.
1294 1281 1338 1344 80

304 1470 326 1520 1.
363 1485 390 1522 r.
409 1468 454 1520 79.
473 1468 570 1532 utputo
589 1467 617 1517 S.
639 1461 705 1529 (non
724 1461 780 1527 bc.)
810 1461 812 1468 ’

290 1577 327 1627 ιι.
364 1588 391 1628 v.
410 1575 455 1626 ru.
474 1575 497 1623 u
514 1573 572 1638 quo
591 1572 688 1624 Lern.

248 1699 377 1765 oppidulo
388 1700 451 1757 iilo,
471 1697 551 1746 oloris
570 1702 651 1759 utque
665 1695 775 1745 illustri·
813 1695 962 1759 pretatione
975 1707 1003 1744 v.
1017 1706 1081 1742 ocra
1094 1706 1159 1742 sune
1177 1691 1276 1743 offerre
1290 1708 1339 1757 po·

248 1781 328 1830 bus.»
344 1801 374 1813 —
392 1771 525 1837 ιιιιροιιιί]
546 1769 772 1841 «ἐξηρτημένοι,
813 1777 901 1823 terunt
913 1772 969 1821 Cic.
984 1771 1063 1820 Hori.
1080 1771 1339 1833 upudNon.³,18:

249 1857 296 1920 qui
318 1855 369 1904 sibi
394 1852 596 1916 suspendebant
616 1849 694 1900 laevo
715 1851 774 1899 bra·
814 1853 882 1914 Quid
897 1858 941 1907 tu,
960 1852 1084 1914 inquom,
1109 1851 1188 1909 soter,
1216 1865 1273 1900 erm
1294 1865 1340 1900 ro·

250 1934 312 1984 chio
332 1931 443 1991 locutos,
469 1942 564 1993 capsas
588 1928 774 1998 cuicuiorum,
812 1931 908 1980 tionem
934 1943 952 1978 a
975 1929 1153 1992 dispensatore
1176 1930 1287 1991 accipis,
1317 1931 1339 1978 si
1417 1927 1418 1950 ³

250 2012 348 2076 quibus
372 2010 518 2058 utebantur
546 2007 575 2056 in
599 2007 774 2056 conficiendis
812 2021 893 2058 uero
910 2007 1015 2073 sinputo
1036 2004 1172 2069 probasti,
1193 2021 1338 2062 summam,

249 2089 401 2140 rationibus
419 2100 435 2135 a
457 2086 514 2135 ludi
532 2085 661 2147 magistro
678 2098 775 2148 propo·
812 2087 980 2149 poscendis
1000 2086 1116 2149 consecto
1134 2086 1182 2143 ott,
1202 2099 1257 2133 non
1273 2099 1339 2147 pro·

251 2168 336 2218 sitis.»
365 2166 445 2215 Hunc
464 2178 535 2216 vers.
558 2163 654 2214 iestive‘
678 2163 775 2224 repetit
812 2164 893 2213 bare?
907 2177 996 2226 neque
1007 2168 1097 2212 tumen
1107 2164 1339 2213 constructionem

249 2247 317 2309 lipp.
333 2245 358 2304 1,
370 2245 395 2302 1,
410 2243 454 2292 56.
466 2269 498 2278 -
512 2239 648 2304 tabulam]
668 2241 775 2290 «coiw-
811 2257 855 2294 vv.
877 2245 976 2292 octonis
995 2242 1084 2290 idibus
1103 2246 1129 2290 et
1145 2243 1284 2306 reserentes
1297 2256 1340 2291 so·

250 2323 387 2378 latorium,
401 2322 428 2370 in
443 2333 496 2383 qun
505 2324 532 2370 et
540 2321 709 2370 characteres
723 2319 775 2368 sri-
812 2321 845 2369 tis
855 2321 1062 2383 expediverunt:
1084 2315 1189 2383 (dieunt
1202 2321 1227 2368 o.
1241 2320 1263 2369 1.
1278 2333 1339 2370 osse

249 2401 392 2452 tbmeticos
410 2400 541 2448 notabant
558 2401 585 2448 et
600 2398 717 2447 euloulos
732 2411 775 2447 or·
812 2400 948 2455 datiuum,
986 2413 1047 2448 cum
1081 2403 1173 2448 temen
1205 2399 1339 2449 naturalis
1418 2393 1419 2404 ¹

250 2481 345 2530 dinero
375 2478 544 2526 discebant.»
570 2475 661 2527 Coun.
688 2476 772 2532 Cuuc.
812 2479 977 2528 constructio
995 2478 1122 2528 unioesit
1138 2478 1219 2526 ibant
1238 2482 1341 2528 obtortis

251 2553 440 2621 (Recbmbret.)
624 2581 626 2586 ·
812 2553 935 2618 ldtburt)
964 2569 1052 2618 neque
1076 2557 1337 2617 animadverterunt,

283 2636 329 2686 75.
374 2633 452 2683 ibunt
483 2628 600 2695 octonis]
633 2629 774 2691 «singulis
813 2634 866 2682 tute
883 2633 1037 2696 exemplum
1053 2633 1180 2694 tenebre,
1201 2636 1224 2683 si
1239 2637 1339 2686 veihis

200 2719 202 2722 “
249 2713 343 2764 Idibus
367 2712 497 2772 magistro
526 2709 676 2758 offerebant
699 2722 775 2757 men·
813 2716 914 2762 terres
932 2712 990 2760 iudi
1008 2714 1137 2774 magistro
1154 2715 1270 2777 proponi
1292 2729 1339 2778 po·

250 2796 354 2841 struem
364 2788 530 2845 mercedem,
546 2783 773 2857 rddtdoorrpov.»
813 2795 895 2851 terat,
918 2805 974 2840 non
995 2797 1087 2841 tomen
1107 2793 1241 2842 eiusmodi
1263 2807 1338 2856 esso,

249 2869 303 2918 Pro
331 2865 440 2929 stupetis
467 2865 533 2914 dixit
561 2867 678 2920 octonis,
710 2866 774 2927 quia
812 2873 842 2917 ut
858 2883 967 2919 omnem
986 2871 1166 2920 ratiocinandi
1191 2875 1278 2920 ortem
1304 2873 1339 2921 si·

250 2948 315 2996 idus
328 2945 462 2995 omnesin
477 2943 774 3005 octavumpostNones
813 2948 942 3009 gnidcoro
962 2950 1054 3010 possit.

250 3025 323 3074 diem
345 3022 483 3082 incidunt,
503 3023 574 3081 sive,
594 3026 623 3071 ut
643 3023 680 3070 sit
696 3013 774 3071 Lam·
846 3025 975 3075 itt-80.
1013 3033 1050 3076 ert
1068 3022 1161 3089 ausus]
1182 3028 1254 3076 «etsi
1273 3041 1338 3090 pru-

249 3102 346 3162 binus,
374 3100 472 3150 iduum
490 3100 548 3148 dies
566 3105 629 3149 sunt
650 3105 720 3157 octo.
742 3124 773 3135 -
812 3105 918 3166 perior,
946 3117 1035 3167 neque
1052 3105 1168 3154 uiiorom
1190 3106 1338 3168 reprehen-

251 3183 407 3246 rep‘erontm
435 3179 571 3241 «singuiis
584 3179 723 3229 mensibus
743 3191 774 3228 ex
813 3183 918 3232 sionem
936 3181 1168 3243 'reformidans;»
1207 3185 1232 3233 id
1264 3187 1337 3249 quod

249 3273 326 3309 more
345 3269 439 3308 rursus
455 3258 611 3317 terentem
637 3257 689 3306 nisi
708 3270 774 3308 vero
811 3261 1012 3310 nliuseiusdem
1022 3262 1147 3313 somenae
1158 3265 1199 3313 vix
1213 3278 1337 3327 unquam

235 3338 533 3402 vexplicaropruestut:
555 3349 625 3399 «pro
646 3348 728 3397 opera
746 3335 773 3384 in
811 3339 928 3389 iecisset.
948 3363 979 3374 -
998 3339 1255 3404 Artor]¹iibors1es‚
1277 3344 1338 3393 rire·
1366 3393 1369 3400 ,

249 3416 418 3466 arithmetico
445 3416 597 3477 ceterisque
630 3413 773 3463 elementis
811 3418 934 3477 tonicam,
956 3420 1061 3480 podsin,
1082 3419 1337 3482 philosophiam.-

249 3495 379 3544 docendis
393 3494 524 3543 collocato
537 3492 774 3555 serentesprseoe·
810 3493 922 3558 doceat]
945 3511 1016 3560 «per
1032 3499 1175 3560 magistros
1196 3500 1336 3550 docendos

248 3571 347 3634 pterim
376 3571 554 3620 fflecsutem
572 3569 774 3631 simplicissima
812 3580 914 3624 curet.»
937 3601 968 3612 -
995 3577 1027 3625 In
1051 3590 1148 3641 mopno
1166 3583 1197 3626 ut
1217 3575 1335 3640 populo]

249 3653 290 3698 est
298 3648 483 3710 interpretatio
492 3646 545 3695 loci
554 3647 700 3696 admodum
711 3661 774 3697 oon·
812 3659 967 3717 «quatenus
980 3655 1007 3704 id
1021 3655 1079 3705 tieri
1098 3661 1202 3718 poterut
1219 3657 1248 3705 in
1261 3663 1336 3707 tenta

248 3727 373 3776 troversi.
394 3725 446 3786 Qui
456 3729 654 3786 exposuerunt=
676 3739 774 3788 oquae·
811 3733 952 3782 hominum
970 3733 1043 3783 aliud
1061 3735 1199 3796 egentium
1216 3735 1337 3798 multitu-

249 3803 350 3885 stiones
368 3803 551 3853 arithmeticus
572 3816 587 3851 u
607 3803 699 3855 Fluvio
713 3820 774 3868 pro·
812 3812 889 3873 dine,
910 3815 937 3862 in
959 3827 1012 3876 qua
1033 3814 1114 3864 etium
1135 3815 1232 3865 meiius
1245 3816 1336 3867 uestiti

248 3882 350 3944 positas
380 3881 424 3931 uei
453 3881 486 3930 de
511 3880 605 3932 tenore
637 3889 772 3935 certarum
810 3890 1337 3958 velutiistentotqueinpuucorumoeu·

249 3971 418 4010 summorum
437 3965 592 4017 menstruo,
621 3962 665 4013 vei
684 3964 718 4013 do
735 3964 773 4014 ie·
810 3968 1028 4020 losincurrunt.»
1042 3971 1338 4022 Eademconstruotio·

248 4050 316 4088 nore
338 4042 498 4087 octonorum
523 4040 659 4089 mensium
684 4043 772 4094 octavi
810 4059 860 4107 ne,
875 4049 924 4096 etsi
941 4048 1094 4110 signiiicstu
1109 4050 1232 4113 pautium
1245 4052 1337 4102 diver-

247 4116 350 4168 menois
360 4115 620 4179 idibussoluendo,»
630 4133 679 4182 pro
689 4119 772 4170 inter·
810 4139 850 4187 so,
865 4123 943 4176 ovid.
954 4126 1069 4190 Tristi,
1079 4129 1105 4191 t,
1121 4128 1169 4180 ιιι
1189 4128 1294 4193 δίᾳιιιι,
1305 4136 1336 4180 ιιι
