2916 4796
508 326 573 372 ΗΒ.
592 327 616 378 Ι.
660 325 764 374 wisc.
787 323 866 374 tivit.

382 934 764 1024 uuts'ronn
800 936 978 1027 xvii.

516 1150 584 1204 An
614 1150 850 1205 sonuum.

141 1328 323 1414 Quemvis,
344 1327 500 1420 Scaeva,
529 1336 613 1398 sutis
635 1353 695 1418 per
716 1338 750 1399 te
772 1335 832 1400 tibi
849 1303 1000 1400 'consutis
1023 1339 1056 1412 et
1078 1335 1146 1400 scis

33 1494 36 1498 -
141 1448 215 1532 Quo
237 1451 370 1520 tandem
392 1457 493 1538 poeto
516 1453 634 1518 decent
656 1455 832 1518 maioribus
854 1456 918 1540 uti3

139 1571 258 1654 Disce,
280 1570 450 1644 docendus
472 1571 580 1638 adhuc
602 1592 686 1660 quoe
708 1577 824 1639 censet
845 1575 1020 1656 amiculus,
1041 1576 1078 1637 ul
1100 1576 1129 1638 si

139 1691 269 1757 Caecus
290 1693 356 1756 iter
376 1697 561 1757 monstrare
582 1694 686 1774 velit3
707 1697 818 1758 tomen
839 1692 991 1778 ndspIcc,
1012 1696 1042 1758 si
1064 1693 1142 1779 quid

138 1811 184 1875 El
207 1831 291 1896 nos,
313 1811 401 1897 quod
423 1830 521 1908 curce
543 1814 709 1898 proprIum
732 1789 870 1900 fecisse,
893 1815 1073 1898 loquamur.
1198 1810 1221 1882 5.

135 2057 140 2070 ,
177 2003 215 2053 lI.
252 2003 302 2067 IIp.
321 2004 406 2054 xvii.
445 2005 516 2057 1.·3.
536 2006 611 2058 Dima
628 2007 756 2059 (10111ιά11
773 2007 872 2065 otltuo,
900 2021 966 2072 puae
986 2008 1062 2060 niu.
1082 2009 1156 2060 utrm
1174 2008 1220 2058 do-

138 2075 231 2124 cendus
250 2073 348 2134 odino,
368 2075 431 2140 quial
448 2074 479 2125 G.

171 2225 257 2274 xvii.
295 2225 411 2286 Scaeva,
430 2240 527 2290 eques,
542 2228 659 2278 utaiunt
696 2234 737 2278 tor
763 2235 868 2280 ceteros
894 2229 989 2279 Iacobo
1010 2230 1096 2280 Lecti.
1115 2230 1217 2284 venua.

137 2303 319 2364 Scholiasta,
338 2299 493 2366 Romanoa,
515 2302 658 2368 (1111111111-
697 2322 723 2370 p.
743 2304 800 2370 71.)
882 2371 885 2374 ,

137 2383 199 2432 dem
224 2396 306 2446 prave
325 2383 444 2434 Lollium
463 2384 593 2435 Scaevam
613 2399 659 2450 ap·
730 2384 823 2433 1-5.
862 2380 1001 2455 Quamuis]
1032 2398 1093 2433 cum
1116 2384 1219 2435 indica-

137 2461 249 2523 peIlant‚
264 2461 326 2525 quia
340 2468 497 2524 sequentem
510 2463 657 2525 llpiotolam
695 2463 765 2522 tiro,
789 2468 819 2512 ut
836 2477 862 2512 v.
882 2464 926 2512 22.
947 2468 974 2513 et
990 2462 1058 2526 Epp.
1079 2463 1106 2521 1,
1126 2462 1217 2523 11,11.

136 2552 199 2588 cum
217 2540 268 2589 hae
293 2539 434 2602 copulasse
460 2541 602 2600 videntur,
629 2546 658 2589 ut
695 2546 834 2591 utcontra
852 2553 1009 2603 quamquam
1027 2541 1217 2589 cumconiun·

62 2664 72 2680 ,
134 2615 198 2666 iecit
225 2617 307 2666 etlam
333 2618 418 2667 mirus
445 2619 491 2667 ille
516 2618 657 2668 Praedico-
696 2619 765 2669 clivo
786 2619 859 2682 virg.
879 2618 948 2668 Aen.
972 2619 1002 2679 6,
1023 2618 1083 2668 aot.
1104 2624 1156 2668 cot.
1184 2640 1216 2651 -

135 2692 231 2758 riusa)
250 2695 373 2758 alloquio
391 2702 431 2746 eat
451 2697 568 2758 ignotus.
605 2697 658 2746 Su·
696 2697 864 2758 Quamuiu··
879 2710 927 2759 por
951 2703 975 2746 te
999 2692 1086 2757 sopit]
1115 2696 1217 2745 Eodem

135 2774 275 2840 upioantur
303 2775 429 2824 nonnulli
459 2775 545 2826 lilium
573 2774 657 2824 fuisse
696 2789 738 2825 vv.
766 2775 799 2824 Α.
825 2775 857 2824 Ρ.
885 2773 965 2832 366.;
996 2773 1132 2834 formula,
1163 2787 1217 2836 ¹qua

135 2852 220 2905 Cassii
234 2852 362 2912 Scaevae,
382 2853 548 2903 centurionis
562 2853 658 2904 Caesa·
695 2853 762 2902 illud
787 2853 859 2915 quot
882 2853 981 2921 Ingrati
1002 2857 1028 2901 et
1050 2853 1155 2902 molesti
1176 2853 1217 2901 in·

134 2929 206 2979 riani
234 2929 373 2980 fortissimi
400 2927 560 2994 (Caesarii.
580 2930 609 2980 Ca
629 2931 655 2990 3,
695 2932 801 2980 terdum
832 2933 902 2981 inest
930 2931 1107 2982 inroonsiliis
1135 2932 1217 2982 etiam

134 3007 365 3059 nectendum.
380 3009 422 3065 11,
438 2999 565 3059 10.Ρ1111.
580 3009 655 3060 Caes.
695 3010 833 3060 benevolis
855 3011 978 3072 mitigare
1006 3012 1155 3060 studemus.
1182 3031 1217 3045 -

134 3083 191 3149 1⁶.)
236 3087 307 3137 lluic
333 3088 416 3148 igitur
441 3077 528 3144 amieo
557 3089 656 3137 iuniori
691 3101 740 3149 per
758 3086 800 3149 te]
821 3088 1215 3151 ‹isiuealteriuspraccept03u

135 3165 207 3214 riam
227 3169 455 3228 monstratt'qua
475 3166 656 3228 potentiorum
697 3166 762 3214 aeui
790 3178 833 3214 mo
857 3179 913 3213 non
941 3179 1005 3227 egos
1033 3166 1215 3218 consultorem

128 3237 256 3294 ‘savorem
271 3244 324 3293 eibi
341 3247 432 3306 paret,
453 3244 488 3292 ita
503 3249 608 3303 tamon,
628 3248 657 3291 ut
696 3265 727 3276 -
746 3239 867 3304 tandem]
886 3243 917 3290 In
934 3243 985 3292 luno
1004 3243 1220 3304 interrogatione,

134 3334 186 3371 uec
218 3320 369 3392 libertatern
402 3321 520 3383 ingenuo
552 3320 656 3370 homini
695 3319 804 3384 obliqua
824 3319 959 3381 sigulficat
978 3334 1035 3372 reru
1056 3334 1115 3371 esso
1138 3321 1216 3373 valde

134 3399 317 3449 necessariam
332 3411 455 3461 unquam,
473 3404 550 3450 exuat
568 3407 657 3461 nequo
695 3397 833 3448 difficilem
851 3411 913 3447 cum
931 3399 1126 3461 potentioribus
1142 3404 1215 3448 recte

134 3477 298 3530 adulationis
316 3478 424 3540 culpam
440 3476 590 3527 contrahat.
616 3477 658 3526 si·
695 3475 807 3528 versari.
828 3501 860 3512 -
880 3475 1037 3539 maioribus]
1064 3483 1092 3526 ut
1112 3477 1168 3538 Sat.
1187 3477 1215 3536 1,

134 3556 191 3605 mul
204 3556 339 3617 significat
352 3556 506 3615 lectoribus,
521 3556 656 3618 quomodo
694 3556 720 3614 1,
733 3555 778 3604 ot.
799 3580 830 3590 -
849 3551 991 3616 amiculus]
1010 3556 1108 3606 Catuli.
1125 3555 1169 3615 30,
1189 3555 1217 3605 1.

134 3633 191 3700 ipse
214 3647 275 3684 oum
302 3633 423 3696 Augusto
449 3639 476 3684 et
499 3634 656 3690 Maecenate
694 3632 889 3684 Dlminutivum
924 3638 1067 3695 teneram,
1099 3647 1152 3696 qua
1187 3634 1218 3686 in.

133 3712 221 3761 amico
243 3717 323 3775 atque
335 3712 479 3780 officiose,
500 3713 547 3761 sed
565 3717 656 3762 tamen
694 3711 824 3762 Scaevam
841 3713 976 3762 animatus
996 3715 1045 3774 111,
1067 3714 1215 3764 amicitiam

132 3790 220 3840 libero
241 3791 334 3846 animo
355 3791 446 3842 rivere
465 3790 566 3849 soleat,
588 3791 656 3840 adeo
694 3791 828 3852 exprimit.
843 3814 874 3825 -
887 3791 1015 3840 docendus
1027 3789 1122 3854 oollae]
1137 3805 1217 3854 nego·

131 3874 163 3917 ut
179 3881 261 3917 nemo
280 3882 343 3920 oum
368 3874 478 3934 propter
499 3869 570 3918 hanc
594 3882 656 3918 oum
694 3869 826 3931 metipso
848 3869 1030 3931 praeceptoria
1050 3870 1214 3932 indigenam

133 3948 319 4008 superioribus
356 3948 584 4016 neoeuoiludiuem
616 3961 657 3997 re·
683 3949 783 3998 ,minua
812 3953 885 3997 recte
914 3947 960 3996 alii
987 3948 1120 4010 iungunt,
1149 3950 1216 3998 diona

132 4026 303 4087 prehendere
335 4027 428 4088 posuit.
486 4026 590 4088 Scripta
617 4031 657 4074 est
692 4023 820 4093 doemon
846 4026 944 4085 odluo,
973 4039 1023 4088 pro
1043 4027 1163 4076 docendo.
1184 4046 1214 4078 ,-

131 4102 247 4168 Iortaaao
268 4117 295 4155 ι.
317 4117 346 4154 u.
368 4117 393 4155 o.
410 4103 473 4156 735.
494 4102 560 4168 (CIr.
579 4116 663 4166 prae.
687 4106 828 4167 proprium
849 4101 951 4167 [mure]
975 4098 1135 4174 ἀορίστως,
1165 4103 1218 4153 oin
