2928 4794
235 285 316 354 ³10
592 297 734 344 nonnam
762 290 999 340 netsronaanm

236 445 305 510 Per
327 459 415 507 marc
438 439 628 524 pauperiem
651 435 801 523 fugiens,
825 451 885 516 per
906 449 1005 512 saxa,
1029 447 1090 514 per
1113 430 1227 516 ignes:

239 565 291 632 Nc
313 581 411 628 cures
432 579 488 640 ea,
511 576 596 642 quae
619 556 722 621 stulte
746 556 873 618 miraris
895 557 929 618 et
952 557 1067 635 optas,

240 685 381 756 Discere
403 685 437 745 et
459 678 574 744 andire
597 683 631 742 et
653 677 777 766 meliori
801 673 939 740 eredere
962 692 1027 736 non
1050 663 1133 736 vis?

242 802 325 886 Quis
346 803 468 892 circum
492 819 600 886 pagos
622 802 656 862 et
678 799 799 864 circum
822 797 968 877 contptta
992 810 1130 876 pugrtax

241 893 373 1011 Magne
395 922 548 986 coronari
571 921 763 984 contemnat
786 914 957 1002 Olympia,
978 915 1031 979 crui
1054 931 1149 997 spes,
1285 905 1328 966 50
1435 943 1436 946 π

243 1043 305 1110 Cui
327 1039 544 1107 siccondrcio
568 1038 673 1103 dulcis
695 1040 767 1102 sirie
790 1037 929 1118 pulvere
953 1025 1114 1120 palmae?

296 1220 318 1287 1'.
354 1251 382 1286 r.
401 1235 446 1286 tr.
466 1240 538 1297 optes
557 1246 691 1296 superscr.
712 1246 730 1281 o
749 1233 775 1281 b.

174 1381 179 1392 t
273 1342 324 1400 111.
361 1357 387 1394 ιι.
407 1342 451 1392 52.
474 1341 556 1392 Vilius
574 1347 610 1390 est
629 1353 695 1389 aare
714 1344 852 1404 arpentum
870 1351 885 1385 e
905 1335 989 1388 Codd.

244 1508 330 1556 lent.»
351 1531 383 1542 -
400 1518 447 1567 per
465 1500 550 1568 ipsese]
578 1515 647 1566 «per
666 1501 766 1564 gravis·
808 1523 835 1534 -
848 1500 944 1548 cirmtm
950 1494 1045 1562 popm]
1065 1496 1196 1558 Loquitur
1205 1495 1240 1544 de
1253 1492 1329 1544 iestis

246 1587 449 1648 almaquaeque
459 1583 607 1647 pericula.»
627 1579 766 1631 Proverbii
795 1576 983 1641 paganalibus
1010 1575 1256 1638 etCompitalibus,
1285 1575 1331 1623 ubi

245 1663 327 1717 hahet
346 1663 475 1726 speciem,
495 1666 525 1711 ut
537 1662 588 1711 Od.
605 1661 638 1720 d,
657 1659 705 1715 tlt,
722 1658 767 1708 214.
803 1656 904 1722 popiles
929 1657 1071 1712 coteroon's‘
1095 1655 1224 1716 oppidani
1242 1650 1320 1715 (Suet

246 1744 302 1794 Sat.
322 1739 353 1802 1,
373 1743 405 1801 1,
426 1741 470 1790 ³8.
489 1741 521 1800 a,
541 1740 572 1799 3,
592 1739 636 1792 56.
664 1738 768 1790 Seneca
806 1734 865 1784 Oct.
878 1731 936 1796 145.)
951 1733 992 1783 vel
1006 1734 1205 1795 circumformat
1218 1732 1333 1782 tonum

246 1820 358 1885 Hippoi.
377 1819 444 1869 ⁵100:
466 1819 499 1869 Te
512 1818 552 1868 vel
562 1831 610 1880 per
622 1819 702 1880 tenet,
721 1828 769 1876 per
808 1812 861 1875 (ld.
875 1812 966 1861 Vitell.
986 1812 1041 1873 te.)
1062 1813 1178 1862 otiosum
1193 1810 1333 1873 popellum

245 1912 318 1949 more
338 1900 462 1946 insonum
480 1908 575 1958 aequor
596 1895 727 1956 llupesqne
745 1898 769 1941 et
808 1893 863 1941 suis
880 1893 983 1941 artinas
1000 1891 1089 1951 exigui
1110 1896 1237 1953 quaestus
1251 1902 1334 1938 causa

247 1988 345 2029 amna.
367 1999 397 2010 -
417 1975 453 2024 Ne
471 1970 557 2038 cures]
577 1973 646 2028 Vere
664 1971 770 2021 Lambi·
809 1971 988 2021 delcctabant.
1010 1996 1039 2008 -·
1058 1965 1180 2033 papatem]
1202 1970 1278 2032 «lpse
1297 1975 1335 2018 ta·

248 2068 299 2111 nna
320 2055 508 2116 interpretatus
522 2057 577 2112 est,
597 2059 627 2102 ot
640 2065 706 2107 noo,
728 2049 770 2100 vel
810 2050 877 2104 lium
903 2049 1084 2102 certaminum
1110 2048 1275 2116 studiosus.»
1303 2070 1335 2082 -

248 2132 388 2182 almaniae
418 2131 561 2194 Qnominns
576 2144 648 2180 cares
663 2155 675 2165 ·
689 2155 701 2165 ·
718 2143 772 2178 non
809 2126 920 2193 Moeno]
953 2129 1065 2177 Lucian.
1087 2128 1189 2177 Herod.
1217 2128 1248 2176 l:
1280 2125 1337 2176 ἑνι-

248 2211 306 2259 oisi
335 2211 423 2271 «Quin
443 2210 469 2260 id
493 2209 574 2266 lacis,
600 2210 672 2273 quod
690 2208 771 2269 longe
810 2223 916 2260 σταται
932 2202 1078 2272 Ὀλύμπια
1091 2204 1128 2256 τὰ
1139 2204 1265 2276 μεγάλα,
1280 2218 1336 2270 quo

249 2287 356 2345 facilius
381 2294 422 2337 est
442 2289 540 2343 talibus
561 2289 714 2348 laboribus,
744 2291 773 2335 ιιι
812 2288 921 2338 nomine
949 2286 1185 2346 distinguebantur
1211 2285 1337 2348 Olympia

249 2379 329 2420 verae
342 2367 491 2430 sapientiae
508 2367 660 2431 praeceptis
678 2379 771 2414 aurem
811 2367 845 2416 ed
863 2365 1105 2423 Pisamcelebrata
1128 2365 1162 2413 ab
1186 2364 1248 2412 aliis
1267 2363 1338 2412 alia-

249 2447 397 2515 praebeas;
416 2447 487 2515 quod
505 2447 551 2496 ubi
571 2445 684 2506 seceris,
704 2457 772 2507 opus
812 2457 873 2494 rum
899 2443 1006 2492 urbium
1032 2441 1173 2506 Olympiis.
1203 2465 1234 2477 -
1256 2455 1337 2491 coro·

250 2524 430 2574 nonhabebia
450 2537 545 2572 curare
565 2525 636 2580 bona
651 2523 782 2578 inanima
811 2519 889 2584 neri]
914 2521 1018 2571 Graeco
1044 2523 1143 2577 modo,
1171 2518 1337 2582 στεφανοῦ·
1400 2565 1404 2574 ,

251 2598 399 2664 —miron‘J
415 2602 651 2663 «magnifacere»
665 2599 771 2664 nillil)-
812 2602 883 2652 aaa
901 2595 1057 2665 Ὀλύμπια.
1087 2625 1117 2636 -
1149 2595 1247 2660 doleis]
1276 2599 1337 2659 lpse

250 2682 277 2740 1,
296 2680 323 2744 6,
344 2681 374 2735 l:
394 2680 437 2730 Nil
450 2681 590 2736 admirari,
610 2705 640 2716 -
659 2675 772 2740 meliori]
812 2693 906 2730 versus
923 2692 1036 2728 caesura
1057 2692 1107 2735 noa
1125 2679 1176 2728 lunc
1195 2691 1258 2728 voc.
1279 2677 1338 2726 iun·

251 2763 294 2806 ate
320 2759 505 2819 sapientiori.»
532 2759 599 2820 Epp.
621 2759 651 2816 1,
672 2759 704 2821 2,
723 2757 772 2811 ὅθι
813 2772 877 2820 gere
902 2759 976 2807 iubet
996 2771 1058 2807 cum
1084 2773 1109 2809 v.
1131 2758 1253 2820 palmos,
1282 2769 1338 2805 non

250 2842 276 2890 te
300 2836 450 2884 melioribus
480 2837 570 2900 offer„
591 2835 661 2891 Plat,
692 2835 772 2898 Apol.
813 2851 875 2886 cum
902 2851 946 2887 vv.
973 2850 1029 2898 spes
1051 2841 1079 2886 et
1101 2837 1228 2886 condicio.
1267 2835 1339 2884 «Cui

252 2913 328 2973 socr.
349 2913 397 2962 17:
418 2912 570 2965 actitandae
584 2916 623 2984 aqi
634 2914 773 2976 tieletum.
814 2917 897 2973 veluti
917 2921 991 2966 certo
1013 2916 1131 2978 quodam
1156 2919 1234 2976 pacto
1258 2913 1339 2963 desti·

286 2990 425 3048 ta-at.
464 2992 526 3062 Quis
550 2987 661 3058 circem]
692 2994 773 3044 atiud
814 2999 876 3044 nata
894 2995 927 3042 sit
953 2995 1075 3053 victoria,
1095 3007 1157 3043 cum
1176 3005 1257 3041 nemo
1275 3003 1339 3040 cum
1444 3043 1449 3054 ,

252 3069 379 3136 proponit
390 3069 517 3130 stultitiae
530 3071 677 3131 hnmanae,
695 3071 775 3122 laeile
814 3073 1000 3124 robustissimo
1019 3073 1118 3122 athleta
1133 3073 1275 3123 decertare
1293 3083 1341 3119 au·

251 3151 344 3206 ιιιιιιοιι
356 3149 525 3210 devitandae,
541 3150 704 3213 exemplum,
724 3152 775 3206 irae
813 3153 912 3210 deat3a
945 3165 1015 3214 quae
1028 3151 1137 3214 quidem
1153 3155 1213 3200 erat
1224 3149 1340 3199 victoria

253 3227 372 3290 imagine
398 3241 569 3290 expressum:
603 3230 691 3291 «Quia
720 3243 775 3283 uon
813 3233 867 3280 stne
883 3231 1004 3292 pulnere,
1033 3231 1092 3280 sine
1111 3221 1230 3292 pulveris
1249 3241 1340 3291 aspar-

252 3306 330 3368 malit
347 3307 407 3366 aine
428 3307 484 3356 ullo
512 3309 661 3358 certamine
686 3307 776 3371 Olym·
814 3309 901 3364 sione.
916 3302 1030 3360 ἀκονιτὶ
1042 3309 1092 3360 και
1101 3302 1235 3372 ἀμαχητὶ
1244 3305 1339 3374 venda·

252 3385 373 3458 pionices
395 3398 469 3446 esse,
490 3399 571 3448 quam
592 3387 620 3435 in
641 3386 712 3434 ln'dis
730 3398 776 3447 pa·
802 3387 952 3450 xOlympiae
972 3393 1063 3436 autem
1083 3387 1196 3436 victoria
1213 3385 1342 3458 aequipa-

252 3463 395 3526 ganalibus
421 3468 447 3513 et
472 3465 669 3526 compitaliciis-
689 3465 775 3514 multo
814 3467 925 3526 rebatur
944 3466 1129 3518 Romanorum
1144 3466 1294 3527 triumpho.
1309 3489 1341 3506 -r

253 3555 317 3592 cum
337 3543 450 3603 sudore,
471 3544 568 3603 exiguo
585 3544 678 3599 lucro.
699 3543 775 3593 nullo
811 3541 915 3606 palmo]
934 3545 1038 3594 vitruv.
1052 3545 1079 3594 9.
1099 3543 1206 3594 Praete
1226 3543 1342 3596 αιιιιιαο

252 3621 356 3676 honore
376 3620 532 3682 depugnare
541 3624 569 3670 ‘lu
595 3623 624 3670 ld
651 3626 692 3672 est
716 3623 775 3672 sine
813 3624 923 3672 υισιοιιι
936 3625 1010 3673 -sira
1026 3629 1154 3672 coaventu
1169 3628 1269 3674 etentes
1284 3635 1342 3670 com

253 3698 387 3758 imagine:
409 3699 489 3749 «Sine
506 3700 589 3749 dubio
608 3713 690 3752 sanus
704 3701 776 3761 quis·
812 3701 904 3762 palmo
923 3708 947 3751 et
966 3714 1065 3751 corono
1082 3703 1171 3765 sanent
1189 3701 1290 3750 anda.

253 3787 306 3837 que
323 3775 509 3839 philosophiae
525 3791 575 3841 ope
590 3777 776 3831 maroittran·
848 3779 979 3829 52-55.
1019 3781 1101 3829 Vilius
1121 3777 1176 3842 eat]
1205 3780 1242 3828 lix
1264 3791 1342 3829 more

254 3853 338 3915 quilla
360 3858 501 3917 pervenire
526 3858 560 3914 ad
585 3856 668 3906 finem
692 3857 775 3910 hono·
814 3857 984 3916 Stoicorum,
1010 3859 1088 3920 quasi
1109 3857 1190 3926 παρὰ
1217 3855 1342 3928 aponde-

253 3945 327 3992 ιιιιιι,
348 3947 430 3996 quam
447 3935 519 3996 volgi
538 3936 637 3992 instar,
657 3935 775 3984 marimo
814 3937 881 3986 κίαν
906 3937 992 3991 inlicit
1016 3937 1206 3988 sententiolam
1231 3950 1281 3999 per
1301 3949 1341 3992 sa,

253 4023 315 4062 cum
334 4011 427 4070 labore
440 4011 539 4062 frustra
553 4024 660 4074 semper
677 4014 774 4062 sectari
814 4020 844 4064 ut
862 4017 983 4077 videtur,
1003 4018 1039 4066 ita
1060 4017 1162 4066 claram
1182 4019 1340 4076 etcertum,

252 4089 325 4148 hope
337 4096 457 4150 externa.
474 4090 543 4149 fluxa
560 4095 640 4154 atque
653 4091 774 4147 inania.»
814 4099 844 4152 nt
857 4107 939 4144 nemo
954 4096 1068 4146 omniuo
1086 4108 1148 4146 eam
1165 4107 1268 4156 negare
1282 4107 1341 4162 poe·
