2916 4796
160 359 165 370 ·
251 325 332 398 436
523 364 525 368 Α
592 345 730 392 uonsru
752 345 992 394 snrsronnuum

251 487 343 570 Neu,
366 487 394 550 si
417 488 451 550 te
474 485 617 568 populus
633 489 754 549 'sonum
775 487 933 567 reeteque
956 485 1123 564 volentem
1158 541 1161 546 ,

253 607 411 688 Dietllet,
433 604 596 670 oecultum
618 604 746 669 febrem
767 605 829 670 sub
851 575 982 687 tempus
1004 593 1122 668 edendi
1195 669 1200 687 y,

252 726 466 808 Dissimules‚
488 723 597 788 donee
619 725 768 788 munibus
790 728 913 791 tremor
934 722 1060 789 incidet
1083 723 1203 788 unciis.

253 841 439 912 Stultorum
462 822 614 909 incuruis
636 840 743 926 pudor
764 845 870 914 motus,
890 845 1003 908 ulcera
1026 843 1133 922 celui.¹

254 963 292 1034 st
316 970 389 1051 quis
412 967 498 1031 bellu
520 967 579 1030 ttbt
602 969 693 1030 terre
716 968 865 1053 pugnate
887 966 1034 1046 merique

250 1081 350 1154 Dicat
372 1065 406 1152 et
429 1087 480 1151 bis
501 1088 615 1151 verbis
637 1103 763 1150 vacuos
783 1086 987 1168 permulceat
1008 1100 1129 1148 sures:

205 1191 208 1200 ¹
251 1207 343 1272 'l'eue
366 1208 471 1294 magis
492 1176 620 1270 saluum
644 1184 786 1289 populus
808 1206 910 1286 velit,
932 1223 975 1266 en
998 1203 1231 1288 populumtu‚

250 1325 375 1392 Servet
397 1330 432 1390 in
454 1329 626 1414 ambiguo,
649 1327 703 1410 qui
726 1296 870 1390 consulit
892 1327 926 1387 et
948 1324 1007 1388 tibi
1031 1326 1066 1388 et
1088 1324 1178 1402 urbi,

301 1548 324 1598 1.
362 1562 387 1598 s.
406 1547 452 1610 22.
470 1543 580 1612 febrem]
601 1547 643 1597 be.
662 1546 754 1611 febrim
772 1545 800 1596 St
819 1545 857 1597 Μ.

290 1653 327 1703 ll.
364 1653 454 1704 rsit.
473 1653 566 1724 febrim
583 1652 614 1701 F.

247 1852 298 1902 23:
318 1852 387 1915 quod
405 1858 442 1903 stt
460 1851 534 1901 aliud
547 1851 619 1901 mello
632 1856 683 1901 est.
703 1852 770 1900 Bru·
806 1849 957 1901 δυσωπίαν
970 1849 1064 1900 Celsus
1079 1850 1111 1911 3,
1131 1849 1163 1900 u:
1182 1851 1266 1914 Neque
1285 1851 1335 1901 du·

246 1937 289 1979 tus
313 1931 347 1980 acl
377 1929 525 1980 Antonium
551 1929 621 1992 apul
643 1929 707 1979 ‘Cin
735 1929 768 1978 ad
807 1929 876 1978 bium
895 1934 948 1987 est,
967 1930 1031 1991 quio
1047 1929 1094 1977 uio
1108 1931 1261 1992 quisquam,
1287 1931 1335 1992 qui

245 2007 322 2058 Fam.
343 2008 386 2061 ll,
406 2008 437 2056 il:
468 2008 675 2070 necquidquam
696 2007 770 2056 aliud
806 2006 1127 2065 baudorosenam,
1146 2007 1189 2055 teri
1207 2006 1334 2067 perobs-

244 2084 649 2148 tibertotseommuuipuaosisss.
673 2085 769 2134 Graeci
808 2086 946 2150 timentium
966 2090 1069 2133 mature
1093 2083 1184 2132 morbo
1206 2085 1330 2143 occurrit,

244 2156 335 2213 ἄλλον
357 2161 411 2213 τοῦ
429 2163 540 2225 σοφοῦ.
586 2164 655 2214 Miro
677 2177 769 2213 errore
793 2161 933 2225 'oeprotet
988 2161 1105 2225 orisque
1127 2161 1224 2222 stultus
1247 2166 1331 2222 est,»

245 2239 383 2290 Charisius
411 2240 492 2304 tp.
519 2241 580 2291 ΜΟ.
608 2242 639 2290 Ρ.
667 2241 769 2292 beatum
799 2240 987 2303 ,inquit‚«qui
1001 2239 1087 2289 animi
1100 2240 1217 2298 morbos,
1239 2239 1329 2304 inest,

244 2317 361 2379 positum
384 2331 444 2368 esse
463 2319 530 2369 dieit
550 2333 597 2382 pro
618 2320 767 2368 beatiorem.
807 2319 887 2376 vitia,
911 2317 997 2376 celat,
1025 2317 1245 2378 neeorrigautur
1261 2329 1332 2366 asa·

246 2417 276 2430 -
296 2408 389 2446 tanum
412 2403 527 2459 reeteque
550 2393 695 2458 uolentem]
723 2397 768 2446 Est
806 2397 1012 2459 pientioribus.u
1137 2453 1139 2457 ι

245 2471 360 2523 termula
372 2476 504 2524 sermonis
514 2475 675 2537 quotidiani,
690 2474 768 2524 oblit-
839 2474 954 2524 25-29.
978 2473 1045 2522 bella
1062 2473 1111 2522 stbt
1125 2478 1197 2522 terra
1207 2479 1331 2536 pttpnotu

244 2554 345 2609 tersis,
367 2553 541 2612 utvitlimus,
562 2553 672 2614 lippi,
692 2554 718 2612 7,
740 2551 766 2600 3.
804 2554 922 2616 morique
948 2548 1042 2613 Dicat]
1074 2549 1159 2612 Iunge
1185 2547 1254 2600 bello
1281 2551 1332 2599 tibi

243 2653 271 2664 —
294 2626 459 2691 Dissimulet]
489 2631 568 2680 «Neu
591 2633 700 2693 propter
718 2628 767 2676 sal·
804 2627 835 2692 (a
854 2627 890 2690 te)
910 2635 1050 2692 poponis,
1080 2642 1153 2678 non:
1175 2627 1233 2696 *tibi
1257 2628 1330 2677 timot

242 2707 587 2769 sumquendarnpudorem
595 2712 688 2756 eontra
697 2707 766 2754 mul·
804 2706 880 2755 bello.
919 2706 963 2755 «Si
974 2707 1033 2770 qnia
1049 2719 1142 2756 eoram
1158 2711 1183 2754 te
1196 2710 1330 2756 memoret

241 2783 365 2832 titudinis
383 2785 541 2846 opinionem
562 2798 593 2833 ee
619 2785 764 2844 iudicium,
789 2792 847 2834 'res
861 2799 875 2833 a
892 2790 916 2834 te
929 2791 999 2834 term
1013 2785 1136 2847 marique
1150 2785 1192 2834 sel
1205 2783 1329 2846 Augusto

242 2872 274 2909 ex
296 2873 349 2922 qno
370 2867 443 2912 reete
462 2861 552 2921 vales,
580 2861 651 2911 nolis
672 2874 766 2924 aegro·
805 2864 862 2925 ipso
880 2863 923 2932 sel
940 2863 978 2914 Μ.
998 2857 1117 2925 Agrippa
1137 2863 1205 2911 duee
1225 2867 1328 2923 gestas,

242 2939 390 2987 iussioni
407 2952 499 2988 eoram
517 2941 638 2990 convivis
655 2953 765 2991 mensae
804 2942 923 2992 etuimia
936 2939 1093 3006 adulatione
1106 2953 1170 2989 usus
1181 2939 1330 3000 subiungnt

241 3020 303 3064 tuae
324 3009 546 3069 accumbentibus
567 3015 622 3082 (sel
644 3033 698 3082 quo
718 3020 765 3068 mi·
804 3026 884 3081 etque
897 3019 931 3068 ati
945 3023 970 3068 te
983 3018 1101 3080 applicet
1112 3031 1204 3068 versus
1219 3030 1234 3064 a
1247 3017 1328 3065 Vario

241 3105 293 3142 nus
308 3107 354 3142 sos
374 3097 514 3158 perturbes
528 3097 571 3147 sel
585 3111 639 3160 quo
653 3098 765 3146 liberius
804 3099 831 3147 iu
853 3097 966 3158 Augusti
986 3096 1081 3145 laudes
1103 3109 1189 3158 nuper
1214 3107 1329 3157 compo-

240 3173 327 3233 possis
348 3173 414 3222 cibis
440 3175 579 3237 quibusvis
605 3171 717 3238 vesei»)
737 3199 764 3210 -
804 3177 884 3233 sitos,
905 3176 972 3224 base
988 3175 1045 3225 lere
1064 3175 1172 3242 diesne:
1192 3172 1330 3233 Cumigi·

242 3248 356 3313 tremor]
386 3251 459 3302 liora
484 3264 575 3313 nona,
604 3267 657 3318 qua
679 3254 764 3302 terme
803 3254 951 3302 turritum
970 3253 1147 3302 fortissimum
1167 3249 1329 3312 te‘praesti·

241 3330 408 3390 eoenabant‚
422 3330 511 3379 febres
521 3331 710 3392 ingravescere
723 3344 765 3380 so-
803 3331 866 3380 teris
886 3337 913 3380 et
933 3331 1020 3384 civem
1041 3327 1243 3390 erepublica,
1265 3327 1328 3388 lup·

241 3405 308 3454 lent.
334 3430 368 3442 -
399 3407 500 3472 umetis]
533 3409 591 3462 iure
619 3415 646 3458 st
673 3411 762 3472 adipe.
803 3410 872 3471 piler
884 3414 972 3458 servet
985 3409 1013 3456 in
1026 3408 1154 3468 ambiguo
1170 3411 1240 3455 eet.»
1264 3405 1326 3456 Non

190 3512 194 3522 ι
240 3482 320 3534 ovid.
337 3483 371 3535 Α.
390 3485 423 3534 Α.
445 3486 471 3540 3,
492 3487 562 3536 755:
591 3487 674 3550 Carpe
695 3489 765 3536 eibos
801 3488 860 3536 sine
879 3491 936 3535 arte
957 3487 1014 3546 sio,
1043 3492 1071 3535 ut
1091 3499 1140 3534 nos
1164 3485 1326 3545 interpreta-

239 3562 329 3624 stipitis
335 3576 344 3618 ,·
367 3569 405 3612 att
424 3564 532 3626 quitiam
550 3571 636 3628 pastus
654 3565 762 3624 etiami:
802 3580 871 3626 mur,
886 3571 939 3614 tres
953 3577 1006 3614 una
1019 3565 1174 3622 laudantur,
1182 3563 1326 3623 Quinctius

241 3629 296 3688 Oro
321 3653 367 3689 uss
397 3642 534 3692 immundo
565 3648 623 3692 toto
648 3656 763 3708 persepe
801 3635 1106 3707 propteriortiturlinem
1119 3641 1238 3692 inbellis
1252 3654 1326 3690 eom·

238 3730 328 3766 menu-
351 3717 544 3782 Compluribus
557 3722 679 3771 versibus
690 3722 762 3770 hune
801 3723 956 3783 probatam,
976 3720 1113 3788 Augustus
1136 3720 1206 3786 dux,
1227 3718 1324 3767 Varius

238 3794 329 3844 looum
345 3797 463 3866 imitatus
476 3788 673 3857 culturensi,
693 3797 760 3848 88-
799 3801 921 3862 Augusto
944 3801 1042 3861 dignus
1065 3801 1150 3861 potita!
1167 3803 1248 3864 atque
1269 3797 1324 3846 llo·

238 3873 299 3923 102.
321 3897 352 3909 -
377 3874 517 3939 iumento]
547 3877 631 3939 oquin
655 3877 762 3926 medico
799 3880 860 3928 retii
881 3865 995 3928 amicus.
1040 3879 1094 3940 Qui
1115 3878 1253 3942 iunguntz,
1274 3874 1323 3924 «si

237 3963 294 4000 non
314 3958 517 4009 monstrantur,
544 3954 604 4006 sins
621 3955 761 4004 curatione
799 3957 859 4020 quis
882 3957 929 4005 tibi
953 3957 1025 4006 dicet
1049 3951 1164 4019 (narret)
1192 3953 1264 4003 bella
1287 3953 1323 4002 ab

236 4035 377 4078 manent.»
398 4055 429 4066 -
445 4032 534 4093 pudor
551 4030 651 4096 malm]
676 4033 716 4100 Α.Ι
728 4034 759 4082 Ρ.
788 4019 921 4097 'Augusto
939 4040 1051 4096 gestam
1070 4035 1143 4084 ltaud
1159 4033 1224 4082 satis
1240 4030 1324 4094 expli·

236 4105 282 4157 88.
308 4107 409 4168 podem
437 4121 531 4170 prave.
579 4111 658 4186 Notat
690 4113 760 4162 hane
798 4119 907 4174 strunt,
939 4127 1000 4182 nee¹
1019 4112 1155 4186 quomodo
1183 4111 1237 4160 bno
1263 4108 1322 4158 tieri
