2842 4808
511 318 580 366 AB&
600 319 754 366 ΡΜΉΟΛ.

90 454 248 542 Undique
270 459 403 522 calletis
423 459 591 542 membris,
612 461 649 522 ut
671 460 814 542 turpiter
834 462 943 524 utrum

90 579 232 644 Desinet
255 581 288 644 ln
311 582 434 661 pisce·
458 580 574 644 mulier
595 580 742 644 formosa
762 597 924 664 superne,

88 695 288 783 Spectatum
310 699 446 766 admissi
467 704 569 767 risurn
591 703 752 782 tenentis,
773 694 896 768 enrici?

88 816 247 901 Credite,
270 820 427 907 Pisones,
447 823 503 884 isti
526 822 661 886 tabulae
682 822 756 886 iore
779 821 894 887 librum
964 857 967 864 .

87 941 310 1014 Perslmileur,
331 943 426 1006 cidus
448 943 541 1006 velut
563 945 657 1024 aegri
679 945 805 1008 somnia
827 949 936 1008 vrinae

87 1061 283 1149 Fingentur.
301 1065 448 1148 specieu3
470 1069 506 1143 ut
529 1080 592 1150 nec
615 1081 674 1146 per
696 1082 759 1130 nec
781 1068 882 1148 caput
905 1068 961 1130 nni

87 1182 267 1247 Reddatur
288 1183 424 1247 forme
446 1182 657 1248 ⁴[littoribus
677 1187 779 1270 utque
801 1189 910 1270 poetis

141 1357 164 1406 l.
184 1356 218 1407 Α.
236 1357 268 1406 Ρ.
306 1356 395 1406 Codex
413 1371 438 1408 c.
458 1357 553 1423 incipit
579 1359 688 1408 demum
715 1375 731 1410 u
756 1376 782 1410 v.
803 1361 847 1410 42.
894 1376 919 1411 r.
940 1361 966 1410 5.
991 1363 1027 1411 ad
1048 1365 1119 1414 mitti
1141 1364 1169 1414 le.

86 1429 161 1477 mirei
179 1428 210 1476 B.
248 1442 274 1478 v.
294 1427 321 1476 8.
340 1427 497 1491 Funpuntur
514 1429 561 1488 ic,
582 1430 678 1488 idest,
698 1431 855 1494 Finpuntur,
871 1437 899 1480 ut
912 1437 952 1480 est
965 1432 991 1480 in
1005 1432 1089 1483 Codd.
1104 1433 1169 1497 aliq.

124 1534 170 1583 lv.
209 1549 235 1584 v.
256 1533 282 1583 3.
300 1540 349 1582 aut
368 1534 504 1585 Senadon.
542 1551 568 1585 v.
587 1535 614 1585 5.
635 1537 762 1586 teneatis?
780 1535 879 1600 Amici,
898 1537 998 1588 Credite
1014 1540 1169 1592 Markland.

87 1603 208 1654 Schelle.
245 1618 272 1653 v.
291 1604 318 1655 9.
338 1603 491 1653 Redduntur
508 1604 592 1655 Godd.
613 1606 678 1670 aliq.

87 1770 160 1808 cere
179 1758 309 1821 scrutamr
335 1756 361 1805 id
377 1757 451 1820 qnod
468 1759 554 1820 pictor
574 1757 612 1808 iu·
648 1773 728 1822 poam
743 1773 776 1808 ea
792 1759 866 1808 retur
884 1759 966 1824 finitio
979 1761 1170 1824 imapineeaer·

88 1851 153 1888 cere
173 1836 277 1898 nequit.
295 1861 329 1870 ·-
353 1836 456 1886 collatio
474 1835 611 1900 membris]
650 1843 692 1886 tue
704 1866 719 1876 -
731 1865 745 1876 -
756 1838 827 1886 velut
847 1851 880 1887 ere
897 1839 1011 1888 coticulis
1033 1840 1109 1906 {leret
1130 1844 1170 1891 di·

87 1918 149 1968 Non
171 1919 212 1965 est
231 1914 335 1966 dativus
353 1930 380 1965 u.
398 1917 536 1972 inducere,
565 1917 612 1967 sed
649 1917 761 1965 midiata
785 1916 905 1966 tobmtee
929 1931 961 1966 ea
991 1930 1017 1968 ee
1047 1924 1170 1971 exeuntia

88 1995 172 2045 ululat.
198 1992 304 2042 ansele
335 2006 413 2042 ocum
431 1995 551 2056 undique
576 1996 612 2044 lla
648 1995 751 2058 tipitta,
771 1995 827 2044 otia
848 1997 983 2051 humanu,
1002 1998 1059 2046 otio
1077 1985 1171 2050 beotia·

88 2073 266 2124 conternntur
281 2072 420 2132 membra,
439 2079 485 2122 utu
507 2079 558 2122 cet.
579 2097 610 2106 -
649 2085 707 2120 nrm
725 2074 853 2136 capitibus
870 2075 985 2124 similia:
1003 2071 1170 2128 inuocantem

88 2153 204 2214 turpiter
222 2146 329 2212 atrum]
361 2151 405 2200 Sic
427 2152 522 2212 iunge,
556 2164 611 2199 non
648 2163 693 2199 nee
711 2157 774 2200 runt
789 2165 835 2200 nec
853 2153 911 2216 fieri
924 2161 1035 2214 pareunt
1053 2170 1100 2205 nee
1116 2158 1170 2220 [ue-

88 2232 205 2293 turpiter
226 2231 337 2278 desinat.
358 2228 412 2280 Cir.
433 2230 499 2292 npp.
520 2229 550 2290 1,
576 2229 610 2286 3,
648 2234 720 2277 runt.
756 2253 781 2264 -
814 2229 899 2292 Neque
917 2223 1037 2292 picturae
1058 2235 1170 2295 probari

87 2308 532 2372 ditinpenium-tarpiterltirtum.
553 2307 612 2356 lloc
648 2305 768 2367 detent‚'
783 2321 849 2371 puae
863 2321 917 2357 noa
935 2317 996 2359 eunt
1014 2311 1110 2362 amita
1129 2327 1170 2365 ue·

88 2389 164 2438 enirn
183 2385 308 2452 ducitae
327 2387 385 2448 ipeo
408 2385 513 2436 foedior
534 2386 611 2435 nobie
646 2387 735 2436 rituti.

87 2467 198 2520 videtur
213 2467 263 2514 iste
282 2465 397 2526 nigredo
413 2467 535 2528 opposita
553 2479 612 2528 corf

89 2546 150 2609 pori
169 2544 337 2593 uersicolori.
361 2567 392 2578 -
417 2541 531 2606 piscem
560 2545 611 2593 ain
681 2543 776 2593 u-e.
820 2545 894 2608 oepri
917 2543 1038 2608 somnia]
1068 2545 1170 2612 «Sopni

89 2625 200 2674 belum
217 2623 370 2681 murinam,
393 2622 499 2682 idest,
525 2622 612 2685 pietri·
649 2621 810 2685 d'inserrnoe
830 2623 881 2686 sele
898 2624 926 2671 di
940 2627 1077 2676 ¹contami»
1103 2627 1169 2677 dirlt

89 2697 610 2766 cem.uneu.-riruru]1’rirnusenim
649 2700 729 2748 etium
752 2700 896 2750 Petrarolrn
923 2702 956 2750 de
981 2703 1060 2752 rebus
1079 2705 1169 2754 ranis-

89 2793 187 2832 eensue
211 2784 252 2830 eet
270 2779 378 2828 ridiculi
404 2780 431 2828 iu
458 2780 611 2830 huiusmodi
649 2779 734 2827 simis.
756 2804 786 2814 -
806 2778 913 2844 norme]¹
940 2781 990 2830 rin
1009 2796 1100 2833 rerum
1122 2797 1169 2833 nn-

88 2860 178 2910 formu
194 2871 224 2907 ex
246 2859 366 2920 pertibus
384 2861 481 2908 natura
501 2859 551 2907 sibi
570 2871 611 2908 re·
649 2863 708 2906 tura
726 2857 798 2907 hond
820 2853 1024 2921 reperiendae.»
1052 2885 1079 2898 «-
1107 2863 1169 2912 Fin-

5 2985 9 2992 ,
89 2937 273 3002 pugnantibus
286 2938 449 2999 compositu,
464 2943 494 2987 ut
506 2938 533 2986 in
549 2938 612 2987 deo·
648 2935 760 3000 portur]
780 2937 913 2988 lleecest
929 2939 1049 3001 legitima
1067 2947 1171 3005 tempo«

88 3031 150 3067 rurn
161 3016 317 3066 lndicorurn
331 3020 357 3065 et
367 3015 522 3065 sinensium
536 3029 611 3078 mon·
650 3029 710 3065 rum
731 3017 905 3067 consecutio:
936 3011 1167 3084 fore-finpentur,

89 3097 162 3146 stris.
194 3117 225 3128 -
256 3092 381 3156 admunt]
413 3095 463 3144 Ubi
493 3096 612 3144 tabulam
649 3094 1169 3161 nonfinpuuturffibdffndir:Quem

90 3174 198 3224 linierat
211 3173 313 3235 pictor,
335 3173 451 3235 primum
464 3173 612 3221 familiares
648 3173 908 3234 referentMueaa
927 3176 1014 3222 nivet
1033 3181 1102 3235 cet,
1122 3171 1169 3226 ubl

90 3265 154 3302 euos
168 3257 318 3314 speciatum
331 3252 489 3301 aduocabat.
503 3276 531 3286 -
543 3251 612 3300 Lon·
649 3249 695 3296 ulii
705 3250 774 3297 mole
785 3251 908 3312 referunt.
921 3275 951 3285 -
962 3265 1007 3300 nea
1013 3249 1068 3314 pes]
1079 3251 1167 3304 Plani.

90 3330 262 3393 gnidiuscule
284 3328 409 3380 non-nulli
426 3330 611 3391 distinguunt:
649 3326 724 3375 Asin.
738 3327 762 3388 3,
782 3327 807 3382 3,
825 3328 893 3376 lte:
913 3341 958 3377 nec
974 3336 1054 3390 captet
1068 3345 1113 3380 nee
1123 3346 1169 3394 per
1260 3331 1263 3338 '

89 3410 221 3460 terreatis?
243 3409 346 3464 »Amica
372 3409 488 3469 credite,
508 3409 613 3458 Pisones
648 3407 773 3455 remonis
802 3412 923 3467 apparet.
957 3431 987 3441 -
1018 3407 1168 3472 Reddatur]

90 3493 162 3547 cet..
192 3500 245 3550 qua
272 3487 376 3536 ratione
398 3489 439 3537 ris
467 3502 492 3537 r.
513 3487 613 3538 Credite
651 3483 895 3534 «conformeturnc
910 3483 1099 3546 respondeat.»
1118 3487 1169 3536 Na·

90 3565 263 3627 infringitur,
283 3571 310 3616 et
330 3565 520 3624 interuallum,
541 3565 612 3628 quod
650 3569 709 3614 turo
722 3577 813 3613 rerum
826 3564 889 3623 dat,
907 3565 993 3614 reddit
1006 3569 1035 3613 ut
1048 3565 1168 3637 debiturn

89 3650 164 3695 recta
184 3645 306 3694 recitatio
326 3643 398 3693 inter
420 3645 516 3693 mirum
538 3644 612 3692 illum
650 3645 738 3705 polita.
754 3665 782 3678 ·-
798 3639 854 3704 uni]
877 3649 981 3692 «cerne
998 3655 1030 3692 oo
1049 3643 1167 3694 linitae.»

90 3725 210 3787 speeiem
228 3719 375 3784 (Arabetlre)
395 3727 421 3772 et
439 3729 612 3786 praeceptum
651 3743 681 3757 -·
700 3717 815 3786 formae]
831 3716 835 3725 “
850 3721 908 3772 llo'o
932 3737 958 3771 u.
981 3723 1169 3785 complectitur

90 3802 181 3853 iecere
195 3802 285 3861 dohet,
302 3814 412 3864 prorsus
424 3803 537 3852 tollitur.
565 3801 613 3851 Ce·
650 3805 676 3851 et
692 3813 769 3860 eum,
797 3813 879 3863 quum
901 3801 1082 3866 nos-dicimus
1101 3803 1169 3851 inte·
1223 3835 1226 3841 -

90 3887 179 3932 terum
197 3880 316 3942 graviter
329 3881 502 3943 reprehendit
514 3891 613 3944 nequo·
649 3879 749 3928 riorum
762 3878 892 3938 formem,
907 3879 1001 3940 ἰδέαν,
1022 3877 1168 3944 exempldr,

90 3959 159 4011 lium
175 3960 203 4007 in
219 3958 317 4007 tulibue
331 3959 442 4021 picturis
458 3971 612 4022 perversum
650 3959 721 4021 quod
747 3957 858 4007 artificia
883 3960 967 4008 menti
991 3960 1166 4012 obversetur,

89 4035 242 4088 licentium.
271 4035 452 4094 Vitruvius'l,
476 4037 512 4086 54
540 4037 614 4086 Nunc
650 4037 873 4093 dexteriorem,
902 4051 984 4100 quarn
1008 4038 1086 4088 noliie
1108 4049 1168 4101 pro·

89 4117 239 4182 piapuntur
256 4117 370 4166 tectoriis
388 4121 508 4169 monrtro
523 4115 613 4177 potiar
651 4114 726 4177 ponit
744 4117 838 4166 artilex
856 4117 899 4168 uel
918 4118 1006 4179 poeto.
