2928 4794
234 313 313 381 346
581 339 717 382 ιιοιιιτιι
741 337 979 384 nursronanuru

234 461 390 540 Scribere
414 475 500 560 quod
524 477 620 541 Cassi
643 476 833 540 Parmensis
855 478 1017 560 opuscula
1038 478 1166 562 vineat,

234 595 289 658 An
315 597 449 660 tacitum
471 598 576 660 silvas
597 600 686 660 inter
707 601 842 680 reptare
863 598 1031 679 salubres,

233 713 410 780 Curantem
434 715 591 801 quidquid
614 717 748 804 dignum
770 720 924 801 sapiente
946 709 1203 801 bonoqueest‘t
1298 712 1317 774 5

116 1071 121 1079 ¹
274 1012 309 1061 ll.
348 1013 397 1076 Ep.
420 1013 462 1061 tv.
484 1028 509 1063 v.
529 1013 556 1062 l.
576 1015 751 1075 interruptam
768 1014 798 1064 C.
815 1008 818 1012 ’

233 1232 312 1281 avita.
335 1253 362 1267 -·
393 1231 465 1280 Cossi
482 1229 645 1294 Parmensis]
680 1232 755 1282 «llic
793 1230 1315 1296 tonioThylesio(falcualdonsentino

234 1310 336 1373 aliquot
349 1311 494 1372 generibus
509 1309 607 1374 stylum
620 1311 753 1360 exercuit:
794 1316 899 1365 mortuo
928 1312 1036 1361 circiter
1067 1323 1093 1362 a.
1120 1312 1198 1362 153³.
1248 1313 1317 1362 Vide

235 1389 305 1438 inter
322 1402 392 1452 quae
411 1403 494 1451 opera
514 1389 634 1452 elegiaca
655 1395 681 1440 et
701 1390 756 1452 epi·
793 1390 930 1442 weichert
940 1405 967 1453 p.
978 1388 1177 1453 199.)-Quod
1188 1392 1316 1441 nonnulli

234 1474 386 1532 grammata
415 1470 475 1520 eius
504 1470 659 1522 laudantur.
705 1470 756 1518 llic
793 1468 915 1518 Cassium
930 1469 1091 1531 reprehendi
1103 1469 1260 1520 ablioratic
1274 1471 1317 1522 vel

234 1553 288 1609 est,
308 1549 354 1610 qui
370 1548 397 1597 in
412 1549 533 1612 partibus
547 1549 632 1599 Cassii
643 1553 669 1600 et
681 1548 756 1599 Bruti
794 1549 844 1596 hoc
869 1554 943 1602 certe
967 1549 1021 1597 dici
1045 1549 1262 1598 contenderunt:
1285 1572 1315 1583 -

234 1628 358 1678 tribunus
369 1628 485 1677 militnm
500 1625 541 1690 (ut
553 1622 692 1689 Horatius)
707 1627 756 1675 mi·
795 1625 949 1677 ascribisne
966 1631 995 1676 tu
1009 1641 1087 1690 opus,
1108 1628 1179 1690 quod
1194 1629 1317 1678 vastitate

234 1707 339 1758 litavit:
368 1709 468 1771 quibus
491 1708 568 1757 victis
588 1707 706 1756 Athenas
727 1718 757 1754 se
794 1719 841 1754 sua
858 1707 948 1756 vineat
965 1707 1047 1756 etlam
1062 1711 1136 1758 vasta
1150 1705 1235 1756 Cassii
1249 1719 1318 1768 opu·

233 1786 357 1835 contulit.
395 1786 529 1848 Q.Varus
551 1786 584 1834 ah
608 1785 756 1835 Octaviano
793 1784 915 1834 scula‘la
947 1785 1010 1834 inde
1035 1790 1123 1833 ortum
1151 1790 1206 1844 est,
1243 1784 1317 1847 quod

68 1915 69 1922 ¹
127 1889 133 1894 -
234 1866 347 1919 missus,
374 1867 481 1913 uteum
502 1862 678 1922 interficeret,
698 1867 763 1911 stu·¹
793 1865 865 1913 hunc
887 1863 1009 1913 Cassium
1032 1863 1318 1912 Parmensemconln-
1373 1909 1380 1912 .

234 1943 344 1991 dentem
366 1943 486 2005 repperit
512 1947 538 1991 et
563 1945 702 2004 perempto
723 1953 757 1990 eo
794 1941 967 1992 defuntcum
981 1942 1074 1991 Cassio
1092 1942 1223 2002 Etrusco,
1242 1940 1317 1990 malo

235 2021 365 2070 scrinium
387 2033 450 2071 curn
476 2019 554 2069 libris
571 2019 641 2071 tulit.
679 2019 755 2067 Unde
794 2021 871 2080 poem
899 2025 926 2070 et
950 2015 1220 2091 πολυγραφωτάτῳ.
1258 2020 1315 2070 Sal.

236 2100 313 2148 multi
328 2100 502 2150 crediderunt
513 2100 656 2163 Thyestem
668 2097 754 2149 Cassii
794 2100 819 2158 1,
840 2099 882 2153 10,
902 2098 946 2149 26.

159 2221 162 2226 ,
234 2177 388 2228 Parmensis
407 2177 501 2227 tuisse.
519 2178 669 2242 scripserat
682 2177 755 2226 enim
827 2177 855 2226 4ss
875 2178 901 2227 5.
940 2173 1070 2238 tacitum]
1092 2177 1219 2226 «inlisum
1242 2171 1322 2239 eogi-¹

234 2257 332 2306 multas
357 2257 424 2307 allas
449 2257 630 2319 tragoedias.»
661 2255 756 2307 acuon
794 2255 889 2305 tattoni
907 2255 940 2304 de
960 2255 1074 2317 pulchro
1092 2261 1118 2305 et
1130 2256 1260 2315 honesto,
1281 2257 1319 2304 de

235 2339 261 2386 et
273 2334 377 2386 Ροιιιιι.
408 2332 495 2400 (Quae
514 2349 545 2385 es
558 2333 643 2392 veteri
656 2339 682 2384 et
695 2334 755 2400 illu-
793 2334 847 2385 vila
857 2335 891 2382 ad
902 2334 1088 2398 philosophiae
1099 2339 1242 2398 praecepta
1251 2347 1319 2384 oon·

234 2415 282 2467 stri
301 2413 373 2465 larua
396 2415 467 2464 dicta
489 2427 548 2464 esse
566 2413 658 2463 statuit
683 2413 756 2464 Wei-
794 2412 964 2461 formanda.»
1016 2411 1179 2463 Maestltiam
1203 2418 1317 2476 propter

234 2495 311 2544 chert
327 2495 360 2543 de
376 2493 469 2544 Cassio
486 2494 627 2542 Parmensi
645 2507 672 2556 p.
686 2491 754 2540 227:
793 2503 913 2539 amorem
938 2489 1058 2553 aliquem
1078 2490 1215 2541 infelicem
1240 2491 1317 2542 uelut

235 2573 755 2624 nsidlscesserlmusnhunoistoerrore
794 2567 922 2632 Glycerae
947 2566 1009 2632 (0d.
1033 2570 1058 2630 1,
1081 2567 1155 2632 aa),
1186 2575 1215 2620 ιιι
1232 2569 1318 2632 expli-

234 2652 268 2701 de
286 2651 402 2714 Thyeste
422 2650 560 2712 tragoedia
583 2663 631 2713 per
654 2649 755 2698 Varum
793 2653 856 2697 cant
875 2649 1018 2708 nonnulli,
1046 2662 1081 2698 ne
1100 2649 1182 2699 verbo
1203 2648 1317 2712 quidem

234 2729 326 2777 furtim
337 2729 425 2778 ablata
439 2734 466 2778 et
478 2725 589 2786 edita»)
611 2724 756 2790 (Conlude-
792 2725 935 2788 significat.
949 2752 978 2763 —
999 2724 1121 2789 reptare]
1143 2727 1219 2777 asine
1238 2732 1317 2776 certo

235 2811 299 2856 runt
319 2806 485 2856 scholiastae
510 2806 541 2867 Q.
563 2807 661 2854 Varum
678 2810 706 2854 et
723 2806 754 2854 L.
793 2806 907 2856 consilto
920 2812 946 2855 et
960 2807 1035 2856 tardo
1049 2807 1156 2857 incessu
1172 2809 1318 2868 perambu-

238 2883 369 2946 l'urtum.)
388 2905 418 2920 -·
441 2881 581 2945 οριιιιιιιο]
612 2883 680 2932 Sunt
698 2897 755 2931 car·
793 2887 865 2946 lare,
894 2886 1114 2946 scalensem»,
1133 2910 1163 2921 -
1181 2883 1316 2948 salubres]

235 2963 310 3012 mina
323 2962 444 3020 minora,
465 2961 569 3022 elegiae
585 2963 756 3024 stepigram·
793 2969 902 3027 propter
926 2964 1010 3026 tulgus
1037 2965 1182 3028 aeremque
1203 2979 1316 3029 purum.

235 3045 321 3100 mata,
341 3045 370 3089 ut
387 3040 458 3104 apud
477 3037 548 3088 Plln.
566 3039 633 3102 Epp.
657 3039 684 3100 8,
701 3041 753 3088 21:
792 3042 847 3093 Cir.
866 3043 933 3106 llpp.
951 3043 978 3103 Ξ,
996 3043 1022 3102 2,
1040 3043 1085 3092 77.
1114 3043 1238 3093 Tibullus
1256 3045 1317 3107 ipse

235 3115 432 3183 Lihsr(n1eus‚
454 3129 536 3181 quem
553 3119 687 3178 recitavi)
704 3120 756 3182 suit
792 3122 826 3170 de
849 3134 877 3170 ss
897 3121 924 3181 ll,
943 3122 986 3181 13,
1007 3122 1043 3171 u:
1077 3121 1118 3171 Sic
1142 3135 1188 3186 epo
1211 3123 1318 3172 secretis

234 3204 260 3247 ιι
278 3197 407 3260 opusculis
426 3198 516 3245 corius
532 3202 557 3246 et
576 3198 675 3246 matris.
703 3195 755 3246 Ad·
790 3213 897 3262 possum
909 3200 969 3250 heae
982 3199 1157 3256 oluerass'lets,
1173 3199 1317 3263 Qrsnnullu

235 3277 346 3326 modum
363 3289 428 3339 ergo
446 3275 555 3326 luerunt
575 3277 709 3338 elegantia
723 3289 755 3324 ac
792 3281 906 3327 humano
925 3280 960 3328 stt
979 3280 1025 3327 oto
1044 3279 1112 3328 trito
1126 3280 1201 3341 peda.
1223 3281 1253 3315 ἑ-
1273 3292 1317 3327 sa·

137 3375 141 3380 ·
236 3361 364 3415 venusta3
384 3355 505 3418 alioquin
524 3356 546 3404 is
569 3357 614 3418 qui
632 3369 663 3405 ea
678 3368 756 3418 supe·
790 3359 879 3420 plenta
898 3354 1027 3420 hocopus]
1056 3357 1142 3420 Saepe
1167 3357 1236 3407 haec
1260 3357 1316 3406 duo

235 3438 335 3496 ratast,
373 3435 482 3485 laudem
515 3447 570 3484 non
601 3436 754 3484 meruisset.
793 3435 947 3496 coniungit:
977 3435 1044 3498 llpp.
1060 3437 1085 3496 1,
1099 3435 1125 3494 7,
1141 3437 1185 3486 22.
1209 3436 1252 3492 16,
1267 3436 1312 3485 73.

236 3513 361 3564 Ceterum
393 3514 528 3575 integrum
553 3518 579 3563 et
610 3512 755 3563 candidum
793 3513 825 3564 Α.
839 3513 869 3562 Ρ.
883 3513 945 3564 hid.
970 3512 1027 3564 Cic.
1041 3512 1074 3563 de
1086 3512 1139 3564 Oll.
1164 3515 1190 3573 3,
1206 3515 1248 3573 15,
1262 3515 1313 3564 oe:

236 3591 354 3642 iudicem
367 3605 396 3642 se
410 3594 520 3655 praehet
534 3592 660 3642 Horatius
673 3593 755 3642 eliam
792 3593 864 3642 Haec
884 3598 921 3642 ast
937 3592 986 3640 illu
1001 3593 1141 3655 pernicies,
1161 3594 1230 3656 quod
1247 3593 1315 3641 alios

235 3669 264 3718 in
277 3681 324 3731 eo,
338 3671 410 3734 quod
422 3671 544 3721 Cassium
555 3671 694 3723 Octaviani
705 3671 755 3721 inl·
792 3669 887 3730 honos,
914 3671 981 3720 altos
1001 3673 1130 3733 sopientes
1142 3671 1313 3723 ,existimant

236 3749 336 3800 micum
351 3753 377 3799 et
389 3751 423 3799 ah
433 3752 484 3800 hoc
494 3749 675 3810 interiectum,
690 3755 755 3798 tam·-
793 3749 912 3798 Eandem
923 3749 993 3800 vitae
1002 3750 1145 3810 rationem,
1166 3762 1246 3812 quam
1256 3749 1315 3812 ipse

237 3840 317 3890 quam
337 3829 443 3891 politam
456 3828 557 3880 laudat.
587 3825 694 3892 (Cassii,
709 3829 755 3890 qui
792 3828 970 3890 sequebatur,
999 3828 1090 3880 trihult
1109 3828 1190 3877 etiam
1208 3827 1312 3883 amieo,

236 3907 322 3958 lemur
342 3908 472 3971 Orpheus,
500 3919 580 3972 quem
599 3906 627 3955 h.
646 3907 666 3956 1.
685 3907 755 3956 inse·
793 3910 909 3968 slvere,
929 3911 958 3957 ut
976 3908 1083 3970 opinor.

237 3991 350 4036 ruerunt
362 3985 495 4048 Georgius
504 3985 662 4044 Fabricius,
682 3983 753 4043 Fea,
826 3985 853 4035 o.
872 3985 899 4035 7.
925 3982 1028 4051 corpus]
1042 3987 1179 4036 dumtaxat
1193 3985 1313 4043 brutum,

236 4065 396 4115 Braunhard
414 4070 485 4119 cet,
518 4063 692 4112 auhdilicium
716 4067 756 4113 est
791 4065 859 4113 atas
877 4063 991 4116 Massa.
1013 4087 1044 4100 -
1071 4059 1145 4124 aros]
1173 4074 1313 4125 asemper,

133 4212 136 4217 .
236 4141 432 4210 ποιημάτιον,
456 4141 635 4204 compositum
653 4143 687 4192 ab
701 4141 755 4192 An·
792 4155 823 4194 ex
838 4155 893 4205 quo
914 4143 1055 4193 internos
1077 4141 1180 4194 versarl
1201 4140 1315 4204 coepisti
