2928 4794
87 325 90 334 ¹
175 291 177 295 ’
244 297 322 366 328
589 326 728 374 υοιιαυιι
749 321 987 378 nursnounnum

244 453 339 536 Qube
361 459 389 521 si
413 477 484 524 cum
506 464 607 526 sociis
628 466 751 530 stulius
773 468 977 554 cupidusque
1001 471 1156 558 bibisset,

243 571 316 640 Sub
338 575 469 642 domina
491 585 665 648 meretrice
687 585 807 652 fuisset
830 590 937 672 turpis
959 595 993 656 et
1018 610 1158 676 excors,
1286 593 1328 654 25
1434 657 1438 663 .

243 694 509 763 Vixissctcanis
530 703 722 768 immundus.
735 707 793 774 vel
813 711 918 774 amica
940 711 1011 774 luto
1033 733 1101 778 sus.

240 783 313 878 Noe
334 835 488 882 numerus
510 839 622 886 sumus
644 828 679 887 ct
702 825 820 913 fruges
840 839 1037 898 consumere
1059 837 1145 916 nati,

173 953 177 963 ·
240 928 366 1017 Sponsi
390 935 599 1022 Penelopae,
621 943 825 1034 nebulones,
845 949 1044 1035 Alcinoique

183 1037 187 1044 “
240 1053 280 1116 ln
303 1056 380 1119 cute
400 1058 547 1122 curando
571 1060 645 1142 plus
667 1081 773 1148 aequo
797 1071 937 1150 operate
961 1071 1133 1159 iuventus,

279 1263 317 1312 ΙΙ.
351 1278 399 1338 νυ.
415 1266 459 1316 28.
480 1267 524 1318 29.
543 1269 707 1334 Alcinoique,
726 1275 759 1323 ln
777 1277 807 1324 F.

238 1435 621 1507 Aglaopheme‚·Tbelxiepea,
639 1446 759 1510 Pialnoc,
797 1451 868 1505 Plut.
888 1455 1003 1520 Coniug.
1020 1459 1113 1510 Prueo.
1128 1463 1161 1511 Τ.
1175 1463 1201 1514 θ.
1217 1479 1243 1527 p.
1258 1464 1320 1518 525ι

237 1515 330 1578 Ligea·
358 1519 429 1568 Duas
451 1525 555 1571 tantum
573 1528 696 1585 agnoscit
714 1527 760 1578 So·
797 1532 846 1582 lt:
873 1529 948 1586 odet
967 1534 1024 1608 γὰρ
1042 1535 1101 1604 τὴν
1113 1541 1226 1611 Κίρκην
1247 1538 1322 1610 ὤνη-

236 1594 327 1656 pbool.
347 1596 455 1658 Fragm.
469 1599 531 1649 tor.
551 1601 599 1651 la:
618 1603 761 1674 Σειρῆνας
793 1626 859 1677 αανΙ
895 1613 926 1662 οἱ
966 1620 1320 1686 καταφαρμακευθέντες,

209 1671 214 1680 ’
236 1672 441 1739 εἰσαφικόμην
453 1676 568 1746 Φόρκου
589 1677 660 1742 (aliis
674 1683 759 1732 Ache·
797 1683 860 1738 οὐδ’
872 1687 1021 1760 ἐχρήσατο
1036 1691 1103 1764 παρ’
1116 1693 1203 1747 ου’όέν
1216 1693 1321 1764 αὐτοῖς

236 1747 285 1811 loi)
299 1747 562 1822 'adpagbpootivta
583 1757 652 1820 τοὺς
667 1755 758 1812 Ἅιδου
796 1759 846 1817 ὑσὶ
871 1769 920 1818 καὶ
946 1763 1030 1834 ὄνοις
1054 1777 1238 1839 γενομένοις·
1266 1777 1321 1830 ’τὸν

234 1824 357 1890 νόμους.
379 1855 407 1868 -
430 1827 529 1894 Circae]
546 1832 641 1896 Odyas.
655 1852 682 1898 κ,
695 1837 757 1887 234.
796 1837 965 1909 δ’Ὀόυσοέα
980 1847 1053 1900 νόον
1067 1845 1177 1913 ἔχοντα
1188 1857 1240 1906 καὶ
1252 1864 1321 1908 σον-

234 1900 401 1965 Frequ'enter
421 1912 510 1956 autem
529 1909 623 1962 Circae
636 1915 757 1976 exemplo
796 1918 868 1972 όντα
896 1928 1049 1994 φρονίμως
1077 1923 1316 2000 ὑπερηγάπησεν.

235 1979 377 2030 inacbolis
397 1987 551 2036 utebantur.
571 1989 625 2039 Cir.
642 1992 757 2042 Dionem
795 1998 917 2050 Ridicula
951 2017 1035 2067 prope
1065 2013 1105 2056 est
1137 2008 1218 2060 lectio
1250 2011 1324 2071 Cede

234 2056 370 2121 chrysost.
399 2061 446 2111 Or.
473 2064 499 2113 8.
529 2067 644 2126 pesa.
663 2071 696 2119 R.
723 2098 756 2108 —
794 2076 889 2140 Regin,
909 2079 1036 2132 subdivo
1054 2084 1195 2138 meretrice.

230 2133 338 2198 pocula]
359 2136 504 2210 φάρμακα
517 2142 620 2215 λυγρά.
636 2172 667 2182 -
680 2149 757 2200 bibio·
828 2155 872 2205 27.
896 2157 941 2206 28.
978 2161 1031 2210 Nor
1058 2176 1180 2229 numento
1210 2163 1316 2230 summ]

232 2211 285 2274 aet]
312 2215 385 2267 Bibit
407 2220 499 2282 utique
518 2237 614 2294 megae
631 2227 754 2290 cinnum,
794 2233 848 2282 nllt
866 2235 895 2284 in
918 2236 993 2286 Ulixe
1014 2239 1149 2292 Homerus
1166 2245 1317 2307 sapientiae
1352 2223 1360 2230 ”

233 2291 280 2340 sed
298 2301 375 2344 cauto
396 2303 422 2346 et
439 2294 625 2360 praemunitus
644 2305 756 2369 insuper
793 2317 819 2361 et
847 2318 1042 2376 temperantiae
1071 2321 1225 2385 exemplum
1255 2338 1317 2387 pro*

231 2371 353 2423 antidoto
364 2374 411 2424 illo
422 2371 526 2441 (μῶλυ)
541 2381 754 2441 aMercurioac-
792 2392 896 2452 posuit,
916 2394 955 2442 sic
973 2395 1000 2445 in
1018 2395 1171 2462 Penelopae
1190 2403 1317 2464 prociset

231 2455 319 2511 cepto.
349 2453 426 2514 Quod
440 2456 753 2525 aihapsisaetveneuum
791 2468 958 2522 Phaeacibus
979 2473 1125 2538 imaginem
1143 2479 1315 2533 adumbravit
1402 2495 1409 2508 ³

231 2527 327 2577 eadem
340 2545 393 2592 qua
403 2535 515 2583 comites
525 2537 706 2600 imprudentia
715 2548 753 2592 at·
792 2547 864 2610 volgi
883 2545 1041 2614 homiuum,
1068 2557 1112 2606 cui
1135 2558 1245 2619 plurimi
1265 2575 1314 2610 no·

231 2607 426 2670 queaviditate‚
437 2611 493 2673 ipse
503 2617 702 2678 quoqnelactus
712 2633 752 2670 es·
791 2630 874 2674 atrum
894 2630 1091 2682 adnumerandi
1106 2642 1197 2686 aunt.»
1233 2640 1266 2688 D.
1283 2641 1312 2691 in

230 2688 373 2747 aetturpia,
389 2689 750 2758 quodadlormamspectat‚
790 2701 912 2755 Seebode
936 2709 969 2758 Ν.
995 2708 1099 2761 Arelate.
1123 2713 1202 2764 1826.
1228 2718 1258 2768 F.
1284 2720 1310 2769 1.

230 2766 347 2810 mutatus
368 2765 397 2812 in
420 2779 516 2816 canem
542 2771 585 2820 vel
603 2783 697 2835 auem,¹
725 2783 751 2826 et
790 2795 815 2842 p.
836 2783 950 2832 155„—
968 2788 1108 2854 numerua]
1138 2795 1252 2845 «Nullan
1268 2798 1312 2849 dea

229 2849 333 2899 ancora,
361 2835 467 2904 άνους,
495 2847 603 2919 brutus,
631 2852 749 2913 privatus
788 2858 960 2914 Sebwurmam
979 2866 1056 2918 Voss.
1075 2869 1188 2934 Proprie
1200 2873 1230 2935 ii,
1245 2889 1311 2939 quo-

228 2920 299 2963 easet
324 2918 427 2968 ratione
453 2928 533 2984 atque
558 2926 747 2992 intelligentia.
788 2952 848 2990 rum
866 2943 953 3005 capita
967 2946 1104 2998 dumtaxat
1119 2959 1308 3016 numerentur,

227 2990 284 3040 Cic.
305 2993 385 3044 Tusc.
406 2998 435 3056 1,
455 2999 486 3048 a:
515 3001 581 3052 Aliis
600 3020 646 3055 cor
664 3009 749 3070 tpmm
787 3018 861 3068 nullo
875 3021 988 3083 ingenii,
1009 3027 1124 3088 virtutis,
1144 3029 1310 3083 fortitudinia

226 3070 330 3119 animoa
349 3074 467 3136 videtur,
488 3092 520 3127 επ
539 3095 589 3142 quo
608 3089 746 3144 excordes,
787 3098 890 3149 ratione
908 3101 1009 3162 habita,
1025 3099 1121 3166 quibus
1138 3103 1249 3171 prorsus
1265 3126 1309 3163 co-

227 3151 390 3212 concordes,
419 3157 547 3206 vecordes
567 3157 667 3222 (etiam
690 3180 748 3217 cor·
784 3189 844 3224 rere
865 3179 1062 3233 existimantur.
1083 3185 1176 3250 Eurip.
1195 3189 1305 3243 Heracb

224 3223 290 3290 dati)
304 3229 435 3281 dicuntur.
455 3233 617 3289 Marklando
631 3243 659 3291 in
673 3259 747 3295 meu·
782 3253 849 3302 997:
878 3255 970 3320 Εἰδὼς
992 3260 1048 3322 μὲν
1076 3259 1133 3314 οὐκ
1158 3259 1306 3336 ἀριθμόν,

224 3305 279 3352 tem
292 3307 366 3356 venit
383 3321 487 3372 maort,
506 3319 535 3363 ut
553 3319 747 3387 ταυτολογίαν
784 3328 847 3380 a'll'
873 3331 1025 3400 ἐτητύμως
1035 3333 1126 3411 llvop'
1151 3337 1225 3394 ὅντα
1254 3345 1306 3397 τὸν

118 3398 119 3403 =
223 3393 304 3442 quam
318 3387 438 3446 putabat,
455 3391 559 3451 stultus,
579 3397 668 3445 ancora
681 3400 746 3450 vita·
784 3405 945 3462 σὸιιιαῑὸα.
961 3414 1060 3466 Τιοεᾱ.
1071 3417 1139 3469 m:
1163 3418 1307 3474 κάνταῦθ’.

221 3464 281 3516 ret,
310 3465 382 3524 quod
413 3466 460 3515 alii
491 3470 658 3534 interpretati
683 3486 745 3530 sunt
782 3481 1131 3561 ἀριστεύοντ’ἐγεινάμην
1140 3500 1238 3561 τέκνα,
1248 3498 1305 3552 οὐκ

222 3539 351 3588 «exheres
373 3542 583 3609 humanitatum
600 3553 650 3602 alii
671 3558 745 3606 «exi-
782 3561 911 3632 a'pe‘dpdv
922 3561 1032 3632 άλλως,
1046 3569 1108 3623 ἀλλ’
1120 3569 1304 3646 ὑπερτάτους

69 3674 71 3684 ,
122 3640 123 3643 =
221 3615 741 3693 mins,praestans;»pariutiqueiure;
780 3641 910 3710 Φρυγῶν.
924 3645 1045 3698 Eustatb.
1057 3652 1090 3700 ad
1100 3652 1179 3704 iliad.
1193 3670 1222 3718 p.
1235 3658 1301 3708 2012

220 3705 283 3740 nam
314 3695 419 3748 Horatii
445 3709 517 3752 certe
538 3719 601 3763 =non
631 3714 681 3758 est.
711 3736 741 3747 -
779 3712 862 3769 ἔστιν
884 3718 934 3773 ὅτι
958 3719 976 3776 ὁ
1000 3723 1159 3796 ἀριθμὸς
1178 3733 1302 3786 καὶέπὶ

218 3766 270 3818 Sub
288 3773 395 3824 domino
413 3779 555 3844 meretrice]
576 3787 643 3834 «sub
656 3801 742 3838 mere·
780 3791 1016 3866 οὐδαμινότητος
1036 3805 1235 3872 λαμβάνεται,
1263 3807 1303 3876 ὥς

217 3849 284 3898 trice
307 3857 525 3919 contemnende,
555 3875 625 3922 quae
649 3871 740 3916 tamen
779 3869 830 3924 ὅτε
864 3876 1003 3944 Κωμικός
1036 3879 1192 3952 (Ατίεῑορῑι.
1228 3892 1299 3942 Nub.

217 3927 276 3976 eiua
305 3929 333 3979 in
363 3933 478 3985 bestiam
506 3941 603 3988 mutati
629 3943 739 3996 domina
778 3951 873 4018 1203.)
891 3955 978 4022 λέγει,
1001 3956 1049 4012 ὅτι
1066 3965 1098 4014 οἱ
1116 3964 1220 4020 bearat
1237 3968 1300 4041 άρι-

154 4031 163 4048 ,-
215 4003 339 4058 fuisset.»
367 4011 473 4080 Festive
495 4015 534 4064 sic
551 4024 627 4068 vocet
649 4022 736 4087 deam,
772 4027 866 4094 npeg,
897 4031 1055 4104 (πρόβατ’)
1086 4035 1181 4108 άλλως
1207 4047 1298 4109 εἰσιν.

216 4084 279 4146 quio
293 4091 385 4147 postea
405 4090 446 4138 sui
460 4093 566 4154 copiam
579 4094 644 4147 iecit
657 4099 736 4154 Ulixi.
775 4101 844 4172 ἤτοι
871 4111 984 4178 πλῆθος
1007 4116 1117 4185 μόνον,
1144 4125 1195 4175 καὶ
1219 4121 1298 4178 αὐτὸ
1354 4133 1359 4139 “
