2920 4792
557 289 622 334 nur.
645 289 677 334 u.
719 293 791 336 sur.
812 293 857 340 nr.
1099 306 1104 317 ·
1161 267 1238 340 tet

157 421 277 486 Ciorus
299 423 381 506 erit,
404 423 518 508 ioriis,
538 427 654 491 iustus.
675 421 892 513 sapiensne?
914 429 1039 514 Etiam,
1061 433 1095 496 ei
1117 452 1195 516 rex,

154 541 203 604 nt
224 541 382 627 quidquid
403 545 506 608 voiei.
549 545 641 632 Hoc,
663 548 768 612 veinti
790 549 915 613 virtute
938 555 1109 636 peruium,

154 653 318 742 Speravit
339 679 481 750 magnae
502 665 591 728 laudi
614 665 697 730 iore.
742 664 830 746 Quid
850 668 954 732 simile
976 670 1031 733 isti

154 778 308 845 Graecus
329 776 551 866 Aristippus?
574 787 629 867 qui
650 804 770 849 servos
792 788 955 870 proiiccre
976 806 1090 853 eurum
1175 787 1237 847 10⁰

153 898 198 962 In
218 899 325 963 medin
347 901 443 964 iussit
464 903 588 988 Libyn,
611 907 686 988 quin
709 904 837 969 tordius
857 907 945 970 irent

154 1015 302 1102 Propter
324 1038 408 1083 onus
428 1039 564 1108 segnes.
607 1021 692 1088 Uter
714 1029 766 1089 esi
787 1027 936 1089 insanior
956 1019 1101 1090 norum?

153 1137 210 1201 Nil
232 1139 306 1224 egit
327 1142 528 1228 exemplum,
548 1115 640 1206 ¹litem
664 1142 752 1226 quod
773 1145 830 1209 iiie
852 1145 1003 1228 resolvit.

153 1251 195 1322 st
217 1259 291 1342 quis
313 1261 400 1322 omni
421 1258 584 1354 citherae,
606 1267 734 1347 emptos
755 1267 941 1346 comportet
964 1265 996 1328 in
1018 1284 1133 1348 uuum,
1219 1293 1223 1302 ·

152 1376 226 1442 Nec
249 1376 359 1441 studio
382 1378 530 1444 citharae
552 1399 615 1446 nec
637 1382 759 1446 Musne
782 1382 914 1447 deditus
936 1384 1012 1466 uiii;
1080 1381 1086 1388 ⁴
1174 1381 1232 1443 {0⁵

152 1492 194 1563 st
215 1499 350 1584 scalpro
371 1501 406 1563 et
427 1499 552 1564 formes
574 1519 640 1564 non
662 1506 770 1582 sutor,
792 1503 926 1566 nuution
946 1502 1024 1566 veie

152 1616 311 1682 Aversus
332 1621 542 1700 mercaturis,
564 1617 688 1683 deiirns
710 1617 743 1684 'et
765 1639 879 1684 umens

205 1791 228 1841 1.
265 1805 293 1843 v.
312 1791 356 1841 97.
377 1792 490 1842 tiresum
508 1798 555 1843 unt
571 1807 604 1843 nc
622 1798 669 1849 eut
685 1807 733 1858 qun
752 1794 780 1844 in
798 1795 815 1844 b
830 1793 894 1846 ets.
913 1795 1065 1860 topicorum
1083 1808 1108 1846 ο.
1135 1809 1160 1848 r.
1172 1795 1232 1846 1⁰0.

149 1861 268 1922 proicere
287 1860 349 1910 bSo.

194 1964 230 2013 11.
270 1980 295 2015 r.
315 1965 359 2014 97.
379 1967 459 2014 etium
477 1979 525 2016 rem
542 1967 573 2017 F.

153 2115 228 2152 more
242 2115 271 2152 se
285 2103 343 2165 ipse
356 2104 513 2163 interroget.
546 2105 614 2154 Miro
635 2119 675 2154 er·
712 2113 822 2168 aspectu
838 2106 957 2166 diversa,
978 2097 1067 2156 mmen
1082 2121 1111 2155 re
1123 2120 1233 2156 occura-

152 2193 213 2230 rore
232 2182 260 2229 h.
281 2181 301 2230 i.
322 2196 354 2230 ne
371 2183 464 2231 habuit
482 2197 529 2245 pro
544 2183 674 2245 periieuia
713 2186 765 2232 tino
786 2185 917 2246 pensitato
939 2185 1021 2234 veinti
1038 2198 1086 2246 per
1104 2185 1233 2236 inductio·

152 2258 339 2308 confirmativa
371 2259 524 2310 Priscianus
553 2261 604 2319 to,
630 2262 673 2318 λ,
715 2263 1231 2312 nemcornminciernlucecollocent.

151 2338 223 2388 unde
244 2341 338 2385 eontra
360 2337 483 2385 Latinam
506 2339 675 2387 consuetudi·
714 2341 789 2388 Tutia
803 2341 885 2400 igitur
902 2341 929 2387 in
948 2353 1022 2402 seqq.
1043 2341 1183 2401 proponit,
1204 2341 1232 2388 iu

152 2415 396 2464 nequnto1503:
416 2417 676 2477 sopiensmceetiom
712 2418 809 2480 quihus
836 2419 869 2466 de
897 2417 1007 2466 stultitia
1033 2419 1173 2466 hominnm
1193 2419 1233 2466 sio

149 2490 373 2554 orm-Etiam]
394 2493 674 2544 Cumsituiiirmundi
712 2496 796 2551 dicet,
822 2499 850 2542 nt
868 2489 1006 2554 agentium
1023 2507 1132 2556 prorsus
1152 2507 1232 2543 nemo

153 2567 434 2634 pontesiensium),
455 2573 530 2623 vides
543 2580 567 2621 et
580 2575 675 2623 abesse
713 2573 835 2624 dubitare
854 2576 945 2635 queat.

152 2663 208 2708 nou
228 2661 318 2710 posse.

186 2725 350 2776 too-103.
389 2723 518 2788 Graecus]
544 2729 574 2778 in
596 2741 674 2790 prosa
748 2727 910 2777 tot-121.
954 2723 1071 2790 emptae]
1107 2727 1167 2776 Non
1192 2731 1235 2776 est

152 2820 192 2855 or.
202 2804 317 2854 tortasse
326 2804 436 2853 dixisset
447 2805 600 2862 Graeculum
612 2819 673 2854 nem
713 2804 872 2866 simpiiciter
886 2817 1029 2866 «easque»
1042 2804 1103 2874 sed:
1116 2804 1231 2863 «statim,

152 2883 255 2932 levitati
278 2882 395 2930 hominis
417 2883 610 2942 significandae
636 2885 675 2931 in·
713 2888 854 2943 postquam
881 2895 926 2930 eas
955 2870 1100 2938 emissem
1139 2882 1232 2943 sicque

153 2961 234 3010 servit
247 2960 300 3030 hoc
314 2960 471 3009 attributum
486 2962 675 3009 minimeotio·
714 2951 870 3021 trequenter
891 2960 1011 3008 Ovidius.
1030 2958 1095 3008 Met.
1120 2959 1153 3013 9,
1179 2959 1231 3006 'ida

77 3079 84 3091 .
152 3052 222 3089 eum.
268 3039 336 3087 Rem
366 3043 458 3088 narret
482 3039 564 3088 etium
595 3039 673 3099 Diog.
715 3033 870 3100 (Hydram)
889 3038 979 3086 domui
991 3037 1164 3098 domitamque
1176 3049 1233 3096 per-

152 3114 355 3176 Laurenti:
376 3114 430 3166 τοῦ
451 3114 675 3186 ςοεροίποντοςὲν
713 3117 762 3180 epi.
811 3115 879 3165 ibid.
907 3114 976 3164 195:
1014 3115 1152 3175 meropia
1177 3114 1232 3160 uidi

153 3189 210 3261 ὁδῷ
231 3189 434 3256 βαστάζοντος
462 3188 604 3264 ἀργύριον
625 3193 676 3242 καὶ
717 3195 824 3254 Vtroque
836 3193 924 3242 duod.
948 3192 1034 3240 Etiam
1053 3192 1079 3238 in
1099 3203 1177 3251 proso
1190 3203 1231 3238 or.

151 3270 359 3342 βαρυνομένου
382 3293 423 3304 -·
439 3264 567 3332 Ἀπόχεο,
597 3264 675 3334 ἔφη,
712 3271 771 3320 Liv.
785 3271 811 3325 1,
825 3269 860 3318 5:
880 3263 994 3318 latrones
1011 3271 1115 3316 ticinum
1128 3268 1230 3326 cepisse,

153 3345 185 3398 τὸ
203 3346 294 3397 πλέον
313 3347 364 3396 καὶ
384 3343 458 3396 ὅσον
477 3345 604 3396 δύνασαι
622 3345 676 3407 βοί·
713 3353 818 3408 coptum
834 3347 890 3408 cepi
904 3345 1007 3394 Amulio
1029 3346 1178 3394 tradidisse.
1201 3366 1231 3377 -

152 3428 248 3488 σταζε.
264 3449 294 3460 -
309 3423 353 3471 Nii
365 3419 439 3486 opit]
459 3422 521 3485 Ipse
538 3423 592 3472 ium
605 3423 676 3472 Ster-
713 3419 827 3485 scalpra]
847 3423 1000 3486 Knoifen,
1016 3419 1231 3468 Sctutonieu.

152 3502 234 3551 tinius
246 3515 307 3550 rese
318 3506 429 3552 reuocet
441 3501 590 3564 reincepta
603 3514 688 3551 oomv
713 3523 745 3538 -
768 3496 886 3564 formos]
917 3500 1061 3554 Leirten.
1107 3499 1231 3556 Ceterum

152 3579 297 3642 paratione
311 3579 382 3628 inter
401 3577 569 3640 Staberium,
590 3579 676 3640 avurir
713 3583 767 3628 tota
796 3578 864 3627 haec
894 3575 1055 3634 similitudo,
1089 3573 1170 3638 (quoe
1189 3587 1232 3624 me

151 3659 203 3708 tine
220 3657 375 3721 specimen,
396 3661 423 3705 et
431 3655 613 3718 Aristippum,
634 3657 676 3706 ni·
713 3657 840 3707 admonet
853 3655 988 3716 proverbii
1002 3654 1072 3716 apud
1084 3655 1232 3704 Varronem

150 3737 236 3784 mium
273 3733 407 3796 pecuniae
444 3739 673 3796 contemptorem,
713 3734 881 3790 n.n.e,1:
918 3746 971 3780 non
990 3745 1099 3794 omnes,
1123 3733 1166 3794 qui
1187 3731 1233 3778 iio·

150 3827 257 3862 memor
277 3811 415 3874 praecepti
437 3811 519 3874 logici
542 3825 557 3860 a
580 3813 675 3860 Stoicis
713 3813 772 3862 dent
799 3813 941 3868 citiorum,
971 3817 1031 3858 runt
1056 3803 1232 3868 citharoedir)

150 3891 251 3947 traditi,
272 3889 377 3952 nulium
389 3891 601 3938 controversiam
612 3903 675 3937 con·
714 3889 794 3952 petitu
804 3895 884 3937 estex
901 3889 1052 3937 Stoicorum
1067 3885 1176 3936 scholis.
1198 3883 1231 3930 V.

150 3971 240 4017 trariis
258 3967 392 4029 exemplis
413 3956 518 4026 dirimi,
543 3969 588 4014 sod
612 3967 675 4014 toiiu
714 3965 774 4015 ΛΠ.
785 3965 869 4026 Epict.
881 3967 908 4023 lt,
919 3965 944 4012 8.
956 3964 1233 4026 p.632.-morcotu·

152 4045 322 4108 acquirenda
338 4054 413 4103 erte,
434 4058 503 4107 quae
522 4045 572 4093 etsi
590 4045 676 4105 primo
713 4043 759 4123 ris]
771 4045 825 4092 det.
837 4050 866 4091 ut
876 4041 925 4091 Od.
937 4044 963 4101 2,
975 4043 1001 4098 d,
1017 4042 1064 4090 tn:
1075 4040 1146 4088 icero
1159 4047 1233 4086 cver-
