2920 4792
234 274 315 354 214
590 291 731 348 nornen
752 285 953 335 ceurennum

234 425 429 500 Accedent
452 449 495 506 nu
517 431 629 515 potius
650 427 790 496 mediter
812 425 904 502 finire
917 415 1090 508 dolores?

137 603 147 626 .
235 551 407 638 Prolusit3
428 553 584 626 revocet:
602 539 764 620 redeam?
785 545 879 627 Non,
899 548 929 610 si
951 545 1115 614 obsecret
1158 541 1253 608 Ecce

234 667 366 746 Servos
387 689 454 734 non
477 669 589 753 paullo
612 667 814 751 sapientior:
838 662 983 736 Olore,
1007 681 1168 747 quaeres
1255 656 1321 720 265

234 790 307 857 Nec
328 789 456 855 modum
480 787 581 861 hebet
602 802 711 872 neque
733 786 920 869 consilium,
941 785 1073 850 rutione
1092 782 1258 866 modoque
1332 805 1338 812 ·

235 912 389 978 'Procteri
410 928 478 975 uon
499 910 584 974 volt.
632 909 673 974 ln
692 924 806 975 amore
827 905 912 971 hoec
933 906 1012 968 sunt
1034 905 1139 989 mole7
1158 902 1295 985 bellum,

234 1031 309 1097 Pex
330 1047 476 1094 rursum:
499 1029 583 1120 hoec
605 1029 731 1112 siquis
754 1025 963 1110 tempestatis
984 1041 1090 1109 prope
1111 1024 1178 1086 ritu

235 1150 379 1217 Mobilio
400 1153 434 1216 et
456 1167 558 1216 coeco
586 1147 751 1221 duitontio
771 1149 864 1212 sorte
885 1145 1016 1210 lolioret

236 1269 394 1342 necuere
417 1273 511 1336 certo
525 1239 613 1353 sibi,
635 1267 737 1332 nihilo
760 1267 836 1351 plus
857 1266 1024 1348 explicet,
1046 1279 1087 1330 oc
1109 1263 1139 1328 si
1258 1254 1324 1318 27⁰

237 1392 389 1472 Iusoulre
412 1390 508 1472 peret
530 1390 624 1454 certo
645 1388 777 1452 ratione
798 1383 972 1467 modoque.

239 1501 355 1588 Quid?
377 1527 449 1582 cum
473 1507 607 1572 Picenis
628 1523 816 1589 excerpens
838 1505 963 1571 semino
986 1502 1108 1586 pomis,

238 1627 390 1710 Gaudes,
411 1629 439 1692 si
462 1645 624 1692 cumeram
645 1626 793 1710 percusti
816 1626 925 1710 forte,
948 1641 1052 1705 penes
1074 1625 1108 1686 te
1132 1614 1196 1685 es?

239 1739 351 1826 Quint
374 1766 447 1812 cnm
467 1746 568 1812 belbe
590 1746 672 1811 feris
693 1762 821 1824 annoso
844 1744 949 1808 verbo
972 1743 1104 1826 peleto,

291 1939 314 1986 1.
351 1953 377 1988 v.
397 1935 458 1990 265.
479 1951 519 1987 ere
538 1937 565 1987 S.
587 1932 654 1998 (nou
673 1933 728 1999 bc.)

281 2042 318 2092 ΙΙ.
354 2057 381 2091 v.
401 2043 463 2092 270.
483 2049 569 2102 eerto3
587 2042 639 2090 eidi
655 2041 738 2090 nihilo
757 2041 832 2092 LGT.

238 2193 381 2244 dicetivue.
403 2217 432 2230 -·
453 2188 581 2256 explicet]
602 2205 669 2252 eeu,
692 2205 762 2255 quee
835 2191 897 2242 275.
911 2190 972 2241 276.
992 2191 1064 2240 Addo
1076 2187 1209 2254 crooreon]
1231 2189 1325 2240 «Adde

239 2271 363 2322 lutrients
381 2275 483 2330 suun»
509 2270 602 2320 «nihil
620 2271 761 2334 expediet,
800 2273 882 2321 stulto
903 2276 949 2321 too
974 2271 1061 2320 emori
1085 2270 1155 2320 rlxes
1181 2274 1325 2329 cruentes,

241 2349 391 2414 proficiet.»
801 2349 895 2412 quales
916 2350 986 2398 inter
1002 2349 1100 2398 rivales
1121 2347 1186 2397 oriri
1204 2348 1323 2398 colent.»

272 2426 433 2478 272-274.
470 2423 590 2488 menn]
611 2427 642 2476 lo
662 2427 763 2475 Piceno
800 2429 839 2477 De
857 2433 958 2489 morte,
978 2441 1061 2490 quum
1078 2431 1184 2477 ametor
1200 2427 1252 2476 eibi
1267 2427 1336 2488 ipso⁴

240 2506 342 2570 optime
355 2506 414 2569 plru
427 2511 454 2555 et
463 2519 542 2568 pomo
556 2505 762 2568 proveniebant.
801 2507 961 2566 consciscat,
981 2506 1067 2555 nolim
1081 2506 1253 2569 interpretari
1263 2514 1325 2553 oum

240 2583 297 2634 Sat.
316 2583 342 2643 2,
359 2585 388 2644 d,
409 2583 453 2635 70.
475 2607 505 2620 -
523 2581 654 2645 permoti]
675 2589 704 2631 ut
721 2597 764 2632 su·
801 2583 955 2646 Boettigero
992 2583 1092 2646 Opusc.
1134 2597 1160 2645 p.
1194 2583 1257 2632 277.
1290 2603 1326 2618 ’-

240 2675 289 2725 pru
306 2662 399 2712 divim
411 2666 464 2711 cet.
502 2661 557 2710 loci
571 2673 652 2709 consu
670 2673 765 2709 emon·
801 2663 886 2725 ipoem
897 2660 1005 2726 plodio]
1019 2661 1246 2726 Pythagoricum:
1268 2658 1327 2731 πῦρ

239 2744 436 2800 teopomorum
455 2731 560 2788 romine
574 2738 629 2787 ude
646 2739 763 2788 duorum
800 2740 935 2812 μαχαϊρᾳ
961 2737 1003 2806 μὴ
1030 2737 1194 2789 σκαλεύειν.
1234 2735 1325 2802 (Plog.

239 2815 391 2877 primorum
407 2814 554 2876 digitorum
569 2827 724 2877 compresso
738 2820 765 2865 ei
802 2818 892 2868 Locri.
911 2819 939 2879 8,
962 2814 1034 2881 17.);
1055 2830 1109 2880 quo
1127 2817 1250 2881 symbolo
1271 2816 1327 2866 llo·

241 2892 360 2956 impulsu
386 2893 447 2942 ideo
473 2893 500 2941 iu
525 2893 610 2942 ultum
631 2895 762 2954 egebunt,
802 2897 885 2947 retius
902 2898 1047 2959 negatione
1062 2897 1168 2946 sublate
1181 2897 1219 2946 ita
1232 2896 1324 2956 utitur,

240 2976 271 3021 ut
292 2971 375 3031 inde,
400 2970 423 3018 ei
442 2971 545 3020 semino
565 2971 611 3021 ille
629 2972 663 3020 od
683 2961 765 3021 come-
802 2976 878 3039 quusi
905 2975 993 3024 dicate
1023 2976 1118 3025 «turbo
1144 2979 1171 3024 ei
1191 2973 1325 3037 permisce

239 3063 300 3098 roeo
317 3045 466 3110 (conclavis
480 3047 602 3113 laquear)
622 3063 708 3113 usque
721 3057 765 3100 ex·
802 3054 909 3113 omniur
924 3054 1036 3104 insenos
1046 3053 1153 3103 concite
1162 3051 1324 3102 tumultur.»

241 3127 393 3183 riluiueut,
414 3127 532 3178 reustum
549 3129 650 3177 amoris
663 3128 705 3178 sul
717 3138 764 3176 uu·
803 3155 834 3168 -
858 3137 976 3180 renotare
994 3132 1085 3191 modo,
1111 3127 1247 3194 inquom]
1282 3127 1326 3180 Sic

241 3206 349 3268 gurium
370 3211 509 3268 caperent.
546 3207 640 3256 Pollux
659 3206 762 3262 2128.
803 3209 886 3270 iungo
908 3219 970 3258 cum
992 3209 1088 3258 Vossio
1108 3202 1136 3258 'et
1156 3207 1325 3258 lleiudordo.

243 3307 274 3320 ·-
292 3280 373 3349 semo]
395 3285 762 3342 «commemorarentur,
800 3287 898 3342 Modo,
918 3293 948 3336 ut
967 3299 1062 3349 caepe,
1083 3296 1145 3336 cum
1159 3285 1326 3349 imperativis

241 3366 272 3418 ut
298 3363 386 3413 solent
414 3370 563 3424 amotores,
597 3365 678 3414 verbe
703 3376 764 3426 pro·
802 3365 980 3414 admonitioni
998 3367 1128 3415 maiorem
1142 3366 1197 3416 vim
1216 3363 1325 3420 adiicit,

241 3439 323 3490 lere.»
352 3441 533 3504 ollypalluge3
554 3455 609 3492 uon
622 3441 764 3492 enimver·
802 3455 864 3491 cum
884 3444 983 3495 acriter
998 3457 1126 3506 urgemus
1149 3457 1228 3503 eom,
1259 3455 1327 3506 quo·

241 3517 276 3568 lie
295 3519 385 3581 pelam
403 3519 478 3580 ierit,
503 3522 550 3570 sed
570 3523 659 3570 verbio
677 3519 764 3570 balbis
803 3533 865 3570 cum
875 3520 1023 3583 loquimur.
1048 3521 1189 3584 Estergor
1210 3518 1326 3570 elumol-

241 3596 372 3658 palatum.
386 3597 462 3647 Pero.
474 3599 557 3656 l‚35=
572 3605 764 3658 ettcneromtp·
803 3601 879 3648 tuere
900 3600 996 3661 modo,
1024 3604 1051 3649 et
1071 3600 1146 3650 brevi
1171 3599 1325 3661 experiere,

239 3672 569 3738 ptommveroapalotc»
583 3677 682 3726 Scuou.
703 3677 763 3726 Non
802 3677 868 3738 quid
897 3677 962 3726 moli
987 3677 1051 3727 iude
1082 3683 1240 3727 secuturum
1263 3677 1326 3725 oli.»

242 3755 284 3798 eet
296 3751 452 3815 hypallage,
473 3756 521 3804 ecd
536 3757 587 3804 troc
599 3755 680 3804 dicit:
710 3753 764 3802 nse·
801 3754 914 3818 lnporum
938 3760 1029 3806 eutem
1053 3756 1178 3818 exprimit
1200 3755 1326 3816 indiguu-

242 3827 439 3894 riunturqnesi
452 3834 553 3887 verba,
573 3845 661 3882 eumn
674 3832 763 3893 peleto
802 3832 920 3900 tionem,
949 3847 1002 3896 qne
1029 3835 1155 3884 exardent
1179 3833 1226 3882 ille
1251 3833 1324 3898 ipre,

243 3911 463 3971 repercutiuntur
479 3912 583 3972 hucque
606 3912 764 3973 pronurnii·
802 3912 1326 3984 quicumamarseiponetpheecprxe·

242 3985 317 4038 tione
332 3988 455 4041 effectura
476 4003 560 4040 conus
580 3999 675 4040 eorum
691 3990 765 4040 deot-
802 3991 883 4054 eipit,
909 3993 978 4042 udde
1003 3993 1081 4052 modo
1108 3995 1161 4042 cet.
1205 3989 1262 4040 Atti
1288 3990 1324 4040 ilc

142 4134 151 4148 .
243 4064 364 4146 litatum»
802 4069 989 4132 distinguunt:
1012 4076 1140 4120 more.
1167 4068 1264 4128 noco,
1285 4069 1325 4117 is-
