2856 4782
501 297 568 343 nm.
591 296 612 340 ι.
655 295 728 340 sar.
749 297 783 340 x.
1102 271 1181 341 149

99 437 219 497 Vectim,
253 434 365 496 Qteimm
392 431 555 482 Pbiloecmos
583 432 677 483 lucilli
703 433 817 491 satiras,
852 430 997 494 {amatoris
1025 433 1084 490 mt3
1116 443 1181 494 quus

98 519 186 582 leqiaae
205 519 280 579 opscd
300 515 453 565 Archelaum
470 515 608 577 Pompeius
627 515 745 573 Lamus,
777 514 848 576 opud
868 513 1044 562 Philocomum
1061 513 1180 562 Valerius

98 601 163 650 Coto
180 600 334 662 praedicet.
361 597 487 648 Contudit
512 598 595 658 igitur
613 597 762 646 memoriae
779 596 845 646 vitio
863 594 1010 655 Catonem,
1040 595 1120 644 buius
1140 595 1180 643 rei

96 688 211 744 testem,
240 695 303 730 oum
323 681 367 740 iis,
388 681 434 743 qui
452 693 481 729 re
500 672 565 731 vera
586 679 684 728 Lucilii
704 677 916 728 διασκευασταὶ
934 678 1061 735 inerant,
1087 675 1180 738 paullo

98 769 156 828 post
174 766 274 828 po'etae
293 767 428 822 mortem,
448 767 477 810 ut
490 762 597 824 opinor.
618 783 651 798 -·
667 761 724 810 lloe
746 761 828 809 lecim
845 756 903 821 ille]
932 759 1070 808 Sententia
1088 759 1181 807 admo·

99 849 163 897 dum
191 848 286 909 inepti
309 845 418 895 Catonis
438 858 528 894 mores
549 845 647 906 probos
674 842 756 893 refert
778 843 813 891 ad
835 842 1032 891 correctionem
1053 853 1180 890 versnmn

97 931 325 989 Lucilianum,
354 930 384 977 in
404 941 457 991 qua
477 929 534 990 ipsa
552 941 617 977 cura
640 940 689 989 pro
709 925 819 975 lenitate
839 925 967 975 severitas
988 924 1074 985 potins
1091 923 1183 984 requi-

99 1013 221 1061 rebatur.
260 1013 364 1062 Deinde
386 1011 451 1060 Cato
468 1015 578 1074 propter
598 1009 702 1071 ingenii
720 1007 895 1057 subtilitatem
909 1006 1083 1068 praeponitur
1095 1005 1180 1067 equiti

98 1099 223 1147 Romano
242 1097 385 1159 eidemque
399 1097 586 1158 grammatico.
623 1094 689 1156 Quis
709 1098 800 1142 antem
812 1093 856 1141 bio
872 1091 963 1150 luerit,
984 1091 1081 1139 horum
1097 1087 1181 1137 versi-

99 1181 223 1230 culorum
244 1181 403 1242 scriptorem
421 1193 477 1228 non
490 1177 577 1240 magis
591 1190 673 1239 qnam
690 1189 740 1224 nos
761 1176 844 1224 scisse
862 1175 987 1223 arbitror.
1025 1170 1131 1221 Etenim
1147 1168 1182 1218 de

99 1263 260 1314 Maecenate
286 1263 406 1324 cogitare
427 1263 509 1325 plane
533 1260 681 1309 absurdum
701 1270 761 1307 esse
776 1258 836 1320 quis
858 1256 990 1318 negabit?
1018 1254 1073 1305 Nee
1093 1249 1180 1312 magis

100 1345 248 1406 significari
271 1350 360 1406 potest
379 1345 421 1403 is,
453 1357 535 1406 quem
556 1354 694 1391 nonnemo
716 1339 847 1401 exipsius
869 1338 972 1389 satirae
986 1351 1014 1388 r.
1032 1335 1060 1385 d.
1080 1339 1181 1384 temere

6 1471 14 1484 ,.
100 1428 233 1490 arripuit,
264 1427 297 1476 l).
320 1426 468 1486 Laberius,
499 1425 704 1487 mimographus
731 1424 860 1482 illustris,
887 1435 942 1470 non
969 1418 1179 1481 grammaticus,

102 1511 148 1572 qui
168 1511 266 1559 decem
283 1510 423 1559 mensibus
446 1512 505 1570 post
528 1507 652 1556 Caesaris
676 1507 789 1556 caedem
814 1502 855 1568 (a.
876 1518 905 1552 u.
927 1514 952 1550 c.
977 1501 1038 1549 711.
1058 1493 1179 1560 ineunte)

6 1635 7 1640 ,
102 1593 279 1654 sexagenario
300 1592 388 1640 maior
404 1596 526 1640 mortuus
548 1595 597 1640 est.
630 1585 829 1653 (Hieronymus
850 1588 879 1635 in
899 1584 999 1658 Cbron.
1027 1580 1125 1630 Enseb.
1145 1580 1180 1628 ad

103 1670 359 1740 olymp.1se,n.)
398 1674 445 1722 ola
464 1670 585 1734 igilium
620 1686 702 1736 quem
724 1673 775 1721 sibi
800 1671 876 1720 linxit
903 1662 1179 1731 prooemiograpbus‚

104 1772 138 1807 oa
151 1758 346 1820 grammatico,
365 1756 578 1818 antiquariorum
595 1754 680 1805 veluti
699 1758 789 1804 sectae
807 1751 944 1817 principe,
964 1747 1055 1796 multis
1076 1743 1179 1808 plagis,

103 1855 152 1890 nec
168 1840 258 1890 ferula
279 1838 386 1899 solum,
406 1839 452 1888 sed
465 1839 530 1887 loris
548 1842 574 1888 et
590 1838 715 1896 funibus,
741 1849 794 1899 quo
811 1835 896 1896 magis
914 1831 1037 1880 dolerent
1056 1828 1180 1897 verbera,

103 1922 261 1973 madefactis
282 1923 312 1970 in
333 1922 425 1970 ecbola
442 1921 619 1971 cohortetur»
640 1916 686 1982 (al.
702 1924 841 1972 moretm,
869 1929 901 1964 ex
919 1911 1105 1969 correctione,
1128 1921 1181 1972 quo

103 2010 275 2058 amoveretur
307 2003 341 2055 cd
372 2003 605 2066 σολοικοφανές,
637 2007 780 2050 eeommma
811 1991 997 2057 Glareanus:)
1035 1991 1181 2042 olormatus

6 2067 8 2152 f
104 2094 183 2152 atque
201 2089 331 2137 educatus
355 2091 412 2146 est,
437 2091 466 2134 nt
484 2083 605 2148 prodiret
623 2083 784 2146 aliquando,
810 2080 855 2144 qni
872 2079 997 2140 antiquos
1015 2075 1107 2138 podiae
1124 2073 1182 2122 vin-

103 2173 205 2221 dicaret
228 2185 245 2219 a
264 2169 538 2232 reprehensionibus,
568 2167 665 2230 quibus
682 2165 865 2214 recentiorum
891 2161 1009 2211 fautores
1030 2157 1091 2206 illos
1111 2155 1182 2202 inse·

103 2255 169 2304 etari
190 2254 309 2303 solent.»
332 2276 363 2289 -
391 2253 421 2300 m
442 2250 546 2320 redeam
563 2248 639 2312 illue]
674 2249 733 2310 Quo
755 2247 882 2304 tandem,
912 2243 1036 2306 quaeso?
1056 2261 1085 2274 -
1107 2237 1182 2286 liaeo

102 2337 276 2400 potissimum
291 2337 373 2388 rerba
391 2335 588 2388 demonstrant,
608 2345 663 2381 non
683 2343 742 2379 esse
755 2327 902 2380 versiculos
914 2325 976 2374 istos
987 2322 1182 2382 desumptosex

97 2421 231 2488 longiore
252 2419 334 2468 satira
352 2418 385 2465 ab
397 2415 502 2465 lloratii
513 2414 606 2476 aliquo
624 2413 758 2460 imitatore
780 2408 938 2470 composita,
959 2405 1007 2453 sed
1023 2403 1181 2463 scriptorem
1230 2458 1237 2466 μ

106 2502 294 2552 tantummodo
314 2501 381 2549 baec
400 2497 556 2548 Horatianis
573 2507 682 2545 assuere
705 2494 768 2541 satis
786 2491 929 2548 babuisse,
962 2485 1067 2545 sibique
1094 2481 1182 2542 ipsum

105 2586 270 2646 gratulatum
298 2596 376 2642 esse,
408 2594 469 2629 cum
488 2585 549 2628 octo
569 2578 664 2627 saltem
688 2574 836 2626 versiculos
861 2569 1040 2620 florentianum
1063 2563 1183 2611 colorem

105 2670 277 2731 aliquatenus
295 2665 421 2714 mentitos
443 2662 567 2730 improbo
588 2661 682 2709 labore
699 2656 854 2724 ertudisset.
872 2675 903 2688 -
922 2651 1060 2704 Fuerunt,
1087 2649 1117 2693 ut
1130 2643 1184 2691 hoc

105 2765 214 2816 quoque
231 2749 346 2808 addam,
374 2747 419 2809 qni
437 2747 488 2794 tria
507 2745 554 2794 illa
571 2744 654 2794 verba
676 2743 851 2796 resecarent;
871 2735 999 2790 luerunt,
1026 2728 1072 2792 qui
1098 2729 1183 2774 totum

105 2835 195 2884 locum
214 2834 248 2881 ab
262 2831 375 2880 Horatio
395 2830 543 2892 scriptum,
571 2825 617 2875 sed
638 2825 666 2872 in
686 2823 771 2872 altera
788 2820 906 2870 editione
926 2815 1056 2865 reiectum
1073 2809 1186 2858 arbitra·

6 2953 8 2974 r
105 2923 210 2966 rentur.
247 2916 361 2964 Deiota
383 2910 541 2972 reegregie
565 2907 710 2970 disputavit
732 2903 873 2972 lacobsin
893 2899 977 2948 Leett.
1014 2894 1115 2944 Venus.
1136 2887 1184 2937 Xl.

108 2995 145 3062 (p.
164 2993 241 3062 225.)
261 2996 316 3048 Cir.
337 2995 419 3045 etiam
438 2993 576 3044 labnium.

559 3147 748 3161 ῳ

426 3291 430 3300 ‘
481 3286 725 3346 sexcentena
759 3283 814 3336 11.

460 3458 496 3495 an
526 3453 644 3494 sennar
671 3451 699 3488 x.
728 3449 755 3485 v.
782 3433 836 3482 66:

291 3592 377 3660 Qrmm
394 3596 468 3644 mdia
486 3599 510 3644 et
528 3591 633 3644 Graecis
650 3586 745 3638 imtooti
763 3582 886 3633 corodoir
904 3584 1006 3628 auctor.

177 3724 259 3776 Aliae
278 3719 514 3784 interpretationes
532 3715 614 3763 huius
632 3727 659 3762 v.
679 3712 783 3759 exstant
801 3705 944 3755 minimum
962 3698 1100 3763 qulnqne:

179 3805 208 3872 1)
231 3804 345 3854 «Fuerit
362 3801 483 3850 Lucillus
501 3796 620 3847 limatior
639 3807 722 3856 quam
739 3791 814 3841 rudis
835 3785 977 3851 (nominat.
998 3795 1045 3844 pro
1063 3773 1189 3836 mdiorr]
1214 3837 1219 3848 .

6 3905 8 3912 ·
113 3894 138 3942 et
155 3891 266 3948 intacti,
286 3887 315 3936 id
333 3889 388 3942 est,
408 3895 465 3932 ase
478 3879 581 3932 inventi
593 3877 722 3926 carminis
735 3879 829 3922 auctor
841 3871 923 3938 etiam
936 3863 1058 3920 Graecis,
1079 3857 1190 3929 (quippe
1295 3873 1303 3879 ·

115 3977 158 4038 qni
176 3975 273 4030 illum,
293 3969 315 4018 si
334 3967 432 4021 velint,
453 3963 552 4013 imitari
572 3961 625 4008 iam
639 3952 788 4021 'possint.)n
808 3953 912 4002 Aenon.

182 4054 211 4121 2)
232 4046 508 4103 «Demus‘Lueilium
527 4043 610 4093 inisse
627 4041 804 4096 limatiorem,
831 4046 913 4098 quam
937 4032 1073 4080 auctorem
1093 4019 1192 4077 satirae
