2928 4794
530 284 595 330 hin·
617 283 638 326 l·
680 282 782 328 uhter.
806 282 838 326 V·

139 421 306 510 Supremo
329 427 363 488 te
385 423 458 488 sole
480 420 584 500 domi,
606 419 792 508 Torquate,
815 420 964 484 monebo.

140 545 228 610 Vino
250 545 346 609 hihes
366 545 484 608 ilerum
506 540 618 606 Tauro
641 541 759 606 diffuso
782 542 950 624 palustres

139 667 236 730 Inter
257 664 451 736 Minturnas
473 659 779 745 Sinuessanumque
802 661 981 726 Petrinum.

99 825 101 827 -
142 782 180 852 Si
204 785 322 850 melius
343 782 421 867 quid
442 782 561 870 hebes,
583 797 719 848 preesse
740 783 796 846 vel
817 782 985 865 imperium
1010 782 1070 846 fer.

140 903 336 970 Iamdudum
358 901 515 988 splendet
537 903 634 968 focus
655 905 690 968 el
712 903 771 966 tibi
793 902 912 966 munde
935 904 1098 988 supellex.

141 1025 245 1089 Mitte
267 1025 363 1088 leves
388 1041 467 1106 spes
490 1024 523 1086 ei
546 1000 726 1088 certamine
750 1022 937 1086 dlvillurum

141 1145 188 1209 Ei
201 1117 344 1210 >Moschi
367 1161 516 1210 causam:
538 1161 615 1208 eres
636 1147 716 1208 nnio
738 1137 883 1208 Caesare
906 1143 1015 1208 festus

194 1319 217 1368 l.
256 1313 294 1382 (r.
314 1318 340 1369 i.
361 1319 469 1368 Habent
487 1317 583 1382 diffusa
600 1314 675 1381 bSo.)
700 1333 726 1368 v.
746 1318 773 1367 6.
794 1313 839 1379 St]
860 1318 921 1367 hSe.
942 1318 990 1368 Sin
1007 1319 1044 1370 Μ.
1072 1335 1098 1370 v.
1118 1321 1144 1369 8.
1165 1323 1226 1372 leuis

142 1403 166 1438 e.
205 1403 231 1456 v..
251 1389 278 1438 ll.
299 1389 334 1438 Et
350 1389 449 1440 Moschi
467 1384 588 1448 eorsum]
610 1387 670 1436 hSe.
692 1389 726 1436 Et
743 1401 850 1436 canaam
867 1389 965 1438 Moschi
983 1389 1020 1438 M.

184 1494 221 1550 ll.
258 1509 284 1544 r.
305 1493 332 1543 6.
352 1493 400 1542 Sin
421 1493 492 1542 LTF.
514 1489 581 1554 (non
600 1489 643 1556 C.)
671 1507 714 1544 rr.
732 1493 761 1542 6.
780 1493 806 1542 7.
827 1494 992 1555 transposuit
1012 1495 1064 1543 Tea
1083 1509 1144 1546 curn
1158 1496 1224 1546 Cld.

144 1579 172 1616 r·
191 1564 219 1616 6.
238 1565 274 1614 Et
291 1577 398 1616 unumne
414 1563 513 1614 Moschi
530 1564 561 1612 F.

145 1721 199 1772 lius
218 1720 275 1772 vini
291 1719 392 1774 hahes,
413 1731 462 1781 per
476 1718 616 1770 serrulam
635 1719 669 1768 ad
708 1719 754 1769 illo
775 1719 818 1770 die
844 1720 999 1782 postpositis
1021 1733 1113 1769 seeum
1141 1719 1227 1770 Genio

145 1815 190 1851 me
215 1799 384 1849 alleroudum
409 1811 502 1848 eura.»
538 1797 670 1848 Areeuere
708 1797 862 1858 indulgent:
891 1811 942 1848 neo
963 1811 1028 1849 vero
1046 1798 1074 1847 in
1095 1798 1136 1847 his
1151 1784 1227 1861 qnid·

146 1893 202 1930 rem
215 1883 288 1928 reete
301 1879 356 1928 diei
368 1882 440 1940 patet
453 1891 483 1927 ex
495 1875 552 1927 Cin.
566 1877 601 1927 nd
614 1876 668 1927 att.
707 1889 790 1939 quam
807 1876 1026 1939 reprehensionis
1045 1876 1129 1932 inest,
1150 1877 1227 1940 quasi

146 1958 189 2020 16,
203 1959 253 2008 lle
281 1957 441 2006 duellem
457 1954 670 2014 urceaaloi.,hlii
701 1951 860 2018 ¹Torqnntns
885 1955 941 2018 ipse
968 1955 1063 2006 luisset
1084 1957 1165 2006 homo
1186 1956 1228 2006 vel

145 2034 327 2102 explicantes:
356 2047 480 2086 ramesse
501 2047 546 2084 me
570 2034 604 2084 ad
625 2039 667 2083 teu
707 2034 849 2085 vannsvet
868 2047 976 2084 aperus.
1008 2035 1078 2083 Sane
1092 2031 1229 2084 miris‘hn·

145 2112 194 2176 (ao
214 2115 288 2165 iada
305 2115 388 2164 misle
405 2113 474 2164 Voss
489 2118 517 2162 et
530 2107 668 2174 ennom)
707 2113 824 2162 inemodi
838 2112 984 2172 blanditiis,
1005 2115 1103 2175 quibus
1116 2114 1160 2162 hie
1173 2126 1229 2169 nou

146 2190 355 2257 pera'pllequnv
365 2193 501 2254 quandam
510 2191 586 2242 ohliti
596 2196 668 2250 suut,
708 2195 766 2240 erat
780 2190 873 2250 loeus,
894 2191 1045 2240 nhstiaehnt
1059 2194 1136 2254 po'dta
1148 2191 1229 2252 longe

145 2275 309 2334 apparatum
340 2271 395 2322 iam
425 2283 485 2320 asse
505 2269 670 2320 eonririum
707 2269 853 2320 humanior
872 2257 1079 2330 interpretibus,
1108 2270 1228 2332 qnihrl.

146 2349 219 2412 apud
234 2349 391 2408 Horatium,
413 2349 590 2400 iuvitariuna
609 2360 670 2398 eum
692 2351 737 2414 ¹tn
766 2348 894 2410 Torquati
921 2344 1058 2397 levitatem
1084 2353 1110 2397 et
1136 2349 1230 2397 sordes

147 2428 287 2490 Torquato
312 2431 416 2476 eeteros
442 2427 564 2485 sodales,
590 2431 671 2488 atque
709 2428 840 2479 acerrime
851 2427 1067 2476 invehuntur.·-
1085 2427 1150 2474 kasa
1162 2424 1229 2488 epea]

148 2505 263 2556 omniuo
291 2503 462 2556 fastidiosum
485 2510 513 2553 et
535 2509 670 2566 agrestem
708 2507 787 2557 Piud.
814 2507 922 2567 Fragm.
947 2507 1000 2554 ine.
1025 2505 1089 2554 131:
1120 2503 1232 2567 ἐλπίδες

148 2583 270 2632 lntnrnm
284 2582 368 2632 luisse
381 2583 559 2646 Torquatum,
579 2584 602 2632 sl
614 2587 672 2631 tau·
709 2582 916 2656 ἐγρηγορότων
927 2580 1060 2633 ἐνύπνια.
1082 2582 1153 2632 lllnd
1166 2595 1231 2633 vero

149 2663 291 2712 tummodo
321 2667 431 2726 propter
459 2662 553 2713 vinum
582 2661 673 2711 mines
710 2665 795 2716 enisis
809 2661 994 2720 ¹manifestum
1023 2666 1063 2710 eat
1086 2663 1232 2710 eenendno

150 2753 315 2802 generosum
328 2741 444 2792 Falerno
460 2741 555 2792 uenire
571 2740 673 2790 noluis—
711 2745 865 2792 dioite'nrnm
890 2754 947 2790 nou
964 2731 1127 2802 'significare
1148 2739 1231 2788 «lites

150 2826 205 2880 set,
226 2819 361 2882 cumipse
375 2821 455 2870 hemo
469 2819 674 2882 opulentusali·
712 2822 843 2881 eliorum,
871 2821 968 2883 quihus
983 2825 1121 2882 tamquam
1145 2823 1232 2882 patro-

150 2903 217 2960 quot
234 2898 344 2948 Falerni
363 2899 444 2948 cados
461 2897 583 2949 velutad
604 2911 674 2961 sym·
711 2913 763 2948 nus
783 2904 930 2960 onoupatus
947 2898 1030 2948 luerit
1045 2899 1180 2948 amiens.»
1201 2921 1231 2934 -

151 2977 242 3028 holam
270 2977 376 3026 mittere
401 2977 541 3040 potuisset.
571 2999 601 3012 ·-
626 2978 675 3024 lsa-
711 2975 825 3040 Mosehi]
840 2977 907 3026 aliie
917 2977 1101 3038 Pergamenus
1110 2976 1160 3026 luit
1172 2977 1234 3026 rhe-

149 3057 254 3117 periton
280 3052 336 3118 ser}
372 3056 461 3118 «qnod
490 3057 517 3106 iu
546 3055 674 3106 convivas
712 3057 936 3112 assuetissimum
957 3069 1020 3104 rens
1033 3054 1158 3104 veneficii
1172 3053 1232 3112 lull,

152 3134 356 3196 quodammodo
382 3136 524 3184 exercebat
549 3127 675 3184 domiuus
713 3135 791 3183 entus
808 3121 917 3182 oausam
936 3145 966 3180 oa
985 3133 1079 3193 primis
1096 3137 1160 3180 tune
1175 3143 1235 3179 ora·

152 3212 300 3263 esurivit.»
342 3212 408 3262 ellel
438 3213 497 3262 siue
523 3225 567 3261 me
582 3225 675 3274 regem
714 3217 785 3261 tores
804 3214 935 3272 egerunt,
972 3209 1124 3270 Torquatus
1146 3209 1190 3256 hio
1208 3212 1235 3256 et

153 3291 273 3342 convivii
286 3291 334 3339 tihi
348 3291 511 3352 impetere.»
531 3290 630 3341 Senon.
643 3315 675 3326 ·-
714 3289 823 3339 Asinius
845 3287 960 3336 Pollio.»
978 3287 1084 3338 Poarn.
1106 3311 1134 3323 -
1156 3287 1235 3336 Vide-

152 3369 271 3430 aplendet
284 3367 373 3432 foena]
393 3369 478 3418 Lares
494 3369 542 3418 tali
561 3369 605 3418 die
624 3374 678 3418 ter·
715 3373 760 3417 tnr
779 3373 834 3416 lota
850 3367 900 3415 ista
919 3379 1002 3416 eausa
1022 3367 1159 3428 Torquato
1184 3366 1235 3426 ipsi

152 3447 382 3506 gehanturnera,
403 3446 487 3508 lullgo
504 3446 556 3497 loci
570 3459 678 3497 amove·
715 3445 832 3497 difficilis
857 3445 941 3494 luisse
970 3449 997 3493 et
1026 3444 1150 3494 molesta.
1187 3443 1235 3492 Rei

153 3524 244 3574 batur.
256 3549 285 3561 -
298 3521 356 3586 titt]
371 3526 417 3574 nin
426 3526 559 3574 honorem
572 3531 677 3575 tunm.»
715 3537 816 3574 nomeu
830 3529 903 3574 reete
920 3524 1095 3586 praeponitur
1108 3523 1135 3570 iu
1148 3521 1233 3572 Codd.

189 3603 304 3651 6-16.
334 3599 429 3664 Mitte]
450 3601 679 3653 «Omissisomni
715 3605 783 3654 meis
796 3607 823 3652 et
835 3603 915 3663 lidd,
935 3616 1002 3664 qnas
1016 3603 1130 3664 inspexi,
1150 3601 1238 3650 omnl-
1286 3626 1289 3630 ·
1381 3635 1386 3648 .

155 3681 205 3730 hus
224 3680 314 3739 euris,
335 3693 405 3744 quae
421 3681 509 3731 solent
527 3682 629 3744 agitare
642 3682 679 3730 ri·
717 3684 766 3732 hus
789 3686 852 3731 aule
876 3681 975 3741 Feam,
1001 3681 1146 3740 lahulum,
1171 3680 1238 3731 Met-

154 3763 209 3809 tam
227 3759 378 3809 humanam
397 3761 467 3808 iuter
485 3773 546 3822 spes
561 3760 679 3822 plerum·
717 3761 856 3810 ueekluur.
868 3781 900 3794 -
912 3765 978 3808 noto
986 3756 1111 3820 Caesare]
1132 3759 1178 3808 Sin
1190 3772 1239 3808 uu·

156 3850 209 3900 qne
226 3836 338 3886 lallueea
359 3837 495 3887 honorum
515 3843 542 3888 et
560 3838 679 3888 studium
717 3838 750 3888 de
771 3838 873 3886 dietum
894 3838 937 3887 rix
957 3837 1038 3886 aliter
1057 3837 1172 3897 intelligi
1194 3849 1240 3898 po·

156 3915 254 3977 opihns
281 3914 350 3965 alios
371 3916 546 3978 superandi.»
584 3917 679 3978 lpsea
717 3919 933 3979 testqnamonm
944 3913 1239 3977 Gomm.Cruq.,ldns·

157 3991 257 4042 talibus
287 4005 396 4056 semper
426 4007 528 4044 raeuns
561 3995 679 4043 amicum
718 4005 785 4042 souo
810 3998 837 4042 et
861 3993 1018 4043 Wsieherto
1040 3989 1085 4055 (de
1105 3991 1137 4040 L.
1159 3990 1239 4038 Vario

157 4070 324 4132 exhortatur,
345 4076 375 4120 nt
386 4073 503 4134 negotiis
515 4069 679 4134 quotidianis
718 4083 744 4133 p.
759 4063 833 4132 ³16.)
847 4069 881 4118 de
893 4070 938 4118 die
949 4069 1033 4120 natali
1046 4068 1170 4118 Gnesarls
1182 4068 1236 4118 Au·
