2916 4796
516 335 581 380 urs
606 333 629 380 r.
673 335 778 382 uersu.
801 335 834 380 x.
1133 311 1213 384 399

134 466 173 535 Sl
195 470 284 554 pede
305 473 410 536 mutor
432 448 521 557 erit,
541 475 738 557 subverlet,
760 476 788 538 sl
810 476 931 560 minor,
954 479 1039 539 uret.

132 591 260 656 Luctus
282 595 375 657 sorte
398 597 455 657 tun
476 595 574 658 vives
594 594 779 681 supienter,
803 595 927 678 Arlsti,

132 710 204 776 Noc
226 729 278 775 me
299 711 446 795 dimittes
468 714 724 803 lucustigulum,
747 717 810 780 ubl.
826 719 922 802 pluro

133 832 266 920 Cogere
290 851 385 918 quom
407 835 491 898 setis
513 837 566 898 est
587 853 627 901 uc
650 856 716 900 uon
737 854 873 902 cessure
895 838 1046 904 videbor.
1100 849 1104 854 '

132 953 281 1037 Imperat
302 958 360 1018 uut
376 957 488 1024 ,servit
511 955 654 1022 collecto
676 959 817 1040 pecunie
840 958 977 1043 cuique,

132 1071 269 1137 'Portum
293 1072 395 1163 digua
417 1076 510 1158 sequi
534 1077 645 1160 potius
667 1096 762 1160 quoru
785 1077 908 1144 ducere
929 1079 1073 1158 funem„

167 1326 213 1375 rv.
251 1340 279 1378 v.
298 1326 343 1377 or.
364 1327 498 1390 ruperat.
519 1328 589 1378 onon
606 1309 873 1381 5555555515.
894 1329 1022 1394 nearing.

132 1545 154 1594 si
173 1549 315 1595 contentus
330 1545 384 1594 eris
397 1545 557 1596 condicione
570 1559 586 1596 5
599 1545 653 1597 1515
692 1548 770 1597 Falsa
787 1547 924 1600 waddolii
943 1552 970 1598 et
989 1549 1127 1612 lloeringii
1147 1563 1215 1600 cou-

130 1624 180 1672 1151
199 1623 335 1686 impositu.
383 1623 484 1674 Verum
505 1629 533 1674 ul
553 1637 605 1686 ego
623 1623 653 1673 li·
693 1626 795 1674 lecture
813 1638 845 1674 er
858 1639 891 1675 55
905 1627 1072 1688 potissimum
1087 1633 1144 1677 ortu
1162 1631 1213 1688 est,

131 1701 197 1752 bere
223 1707 249 1750 15
276 1714 394 1763 155555,
427 1703 462 1753 115
493 1708 521 1753 lu
545 1715 653 1766 quoque
693 1704 763 1766 quod
783 1704 916 1752 collectam
929 1706 1067 1766 pecuniam
1079 1719 1134 1756 uon
1151 1705 1214 1754 sim·

132 1793 177 1830 me
193 1781 317 1842 corrige,
346 1782 392 1832 ubi
414 1795 457 1832 me
472 1783 655 1847 horumipso·
694 1783 799 1844 pliciter
829 1788 997 1844 opertum»
1029 1784 1076 1833 sed
1107 1785 1216 1834 rotiose

130 1872 192 1908 ruru
219 1865 425 1922 praeceptorum
456 1873 577 1924 unquam
607 1864 655 1911 lm·
693 1863 721 1911 ln
743 1874 806 1911 eron
830 1867 1019 1914 asservatam»
1049 1862 1215 1925 interpretati
1316 1874 1317 1882 ¹

131 1937 426 1989 memorem-videbis.»
448 1939 507 2001 Qua
521 1943 654 1992 sententie
693 1946 765 1990 eunt.

132 2017 219 2078 ipsum
241 2017 346 2066 molesti
359 2019 519 2068 correctoris
537 2021 654 2082 speciem
727 2017 772 2068 ts.
812 2016 931 2082 Tectum]
958 2017 1096 2069 Sententia
1116 2031 1165 2081 per
1186 2030 1217 2068 ee

131 2095 270 2144 urbanos
291 2108 319 2144 se
340 2103 472 2146 removet.
494 2095 654 2162 —.Ceperc-]
692 2097 789 2146 clare:
821 2095 956 2147 «Pecunia
985 2098 1065 2148 (lebet
1094 2106 1156 2148 'esse
1183 2105 1216 2147 511

131 2174 159 2222 b.
179 2174 200 2222 l.
221 2187 399 2236 «congerere,
419 2189 608 2226 concertarem
625 2200 656 2210 -
694 2175 853 2234 machinae,
886 2181 915 2226 ut
939 2177 975 2225 115
992 2178 1098 2234 dicem,
1127 2176 1216 2228 ritulis

131 2255 292 2315 5555155115
309 2250 356 2314 est]
376 2254 455 2306 Locis
475 2255 609 2304 similibus
622 2255 656 2303 51)
694 2251 766 2317 pars,
781 2269 851 2318 quue
862 2260 994 2315 movetur,
1015 2270 1069 2306 nou
1083 2259 1125 2318 55,
1146 2269 1217 2320 quae

132 2329 253 2380 Obbsrio
278 2332 311 2380 511
332 2333 361 2382 h.
382 2333 402 2382 l.·
422 2334 558 2394 congestis
587 2333 656 2383 udde
694 2339 826 2390 merotz»
847 2334 1010 2382 «ordinatrix
1030 2340 1058 2384 51
1079 2335 1217 2398 dispense-

132 2407 655 2474 51511515151511551111115155331
694 2412 745 2482 trix
769 2417 826 2460 esto
854 2424 930 2460 mens
958 2412 1087 2474 sepientis
1113 2422 1218 2476 posses·

126 2480 239 2553 Ἔγωγε
260 2485 315 2538 τοῦ
336 2487 371 2539 ui
391 2485 486 2540 δέοντ’
507 2483 587 2551 ’ἔχειν
608 2485 657 2559 ἀρ·
695 2491 781 2549 soris,
801 2490 917 2552 pecunie
936 2492 1078 2551 materies,
1098 2506 1151 2555 qus
1169 2504 1218 2553 pro

133 2563 282 2629 κούμενος
295 2565 337 2616 Τὰ
350 2565 470 2637 περιττὰ
482 2563 575 2629 μισῶ·
595 2571 657 2628 τοῖς
696 2582 743 2618 555
770 2568 908 2621 voluntate
933 2573 1013 2631 atque
1038 2569 1218 2630 intelligentia

132 2636 353 2715 ὑπερβάλλουσι
376 2643 434 2716 γὰρ
463 2645 575 2713 Τέρψις
602 2643 657 2708 μὲν
695 2645 742 2696 1115
763 2651 880 2696 utetur.»
909 2647 1051 2716 Quomodo
1064 2647 1146 2698 verbe
1160 2647 1218 2709 ipsa

134 2715 193 2770 οὐκ
214 2714 327 2784 ἔνεστι,
347 2721 519 2774 πολυτέλεια
535 2721 576 2773 δέ.
696 2724 960 2787 5555555555151,
992 2725 1146 2787 ambigitur.
1184 2725 1216 2774 V.

695 2808 782 2852 tortos
806 2801 943 2853 55155555
979 2801 1085 2854 lunium
1121 2807 1148 2852 51
1175 2817 1219 2852 ru-

168 2878 214 2928 lt.
251 2878 369 2940 Imperat
385 2885 434 2928 nul
445 2877 539 2943 seruit]
561 2880 660 2929 oProut
697 2881 808 2930 dentum
822 2885 980 2944 perpetuum
994 2895 1054 2930 esse
1068 2885 1219 2931 monstrent

135 2969 276 3019 possessor
297 2963 353 3006 est:
386 2957 409 3006 si
428 2957 550 3019 sapiens,
578 2971 659 3020 pecu·
697 2959 859 3022 Interpreles
878 2973 909 3009 51
926 2960 1000 3021 Virg.
1021 2960 1090 3009 Aen.
1109 2959 1137 3016 l,
1156 2959 1218 3009 575.

136 3035 181 3083 uin
201 3040 276 3096 perte
293 3035 405 3086 inservit
422 3037 493 3088 vitae
513 3037 659 3086 necessita·
697 3036 775 3088 Ouid.
800 3038 865 3088 Mel.
890 3037 924 3098 3,
951 3038 1013 3088 ele.
1043 3038 1148 3100 Catuli„
1167 3037 1219 3098 ol,

136 3113 260 3174 (linibus,
288 3115 399 3164 utilibus
417 3115 549 3178 inceptis,
578 3117 660 3165 bene·
697 3116 758 3164 235.
780 3116 854 3165 Pers.
879 3117 909 3176 5,
930 3117 990 3173 illi.
1041 3118 1098 3164 lam
1126 3116 1220 3165 malim

136 3191 660 3252 351151551155555155551115;515151-
698 3194 850 3254 intelligere
874 3193 907 3243 de
936 3193 1000 3243 lune
1029 3194 1151 3242 ductario
1174 3192 1220 3251 rel

134 3274 189 3330 tus,
209 3271 235 3320 ei
252 3271 375 3334 imperet,
392 3263 658 3334 utdomtuus'scrvo,
698 3273 726 3321 in
744 3271 876 3320 machinis
895 3272 1028 3320 tractoriis
1046 3269 1218 3333 (11155510,

136 3349 173 3397 115
204 3352 247 3410 ut,
272 3351 394 3412 quemvis
416 3364 449 3401 55
470 3352 510 3400 511
531 3357 659 3414 nequent,
698 3346 819 3412 3515.)
844 3350 888 3402 vel
914 3349 942 3398 ln
968 3349 1106 3410 remulco,
1138 3361 1220 3411 quum

137 3431 229 3475 lemen
247 3427 305 3476 5155
319 3440 427 3491 semper
444 3430 585 3490 augendae
599 3442 661 3479 555-
699 3429 732 3478 de
762 3428 849 3488 lune,
887 3441 940 3492 quo
970 3429 1106 3477 ducuntur
1137 3428 1219 3477 bores

137 3517 167 3554 sa
188 3505 333 3568 quidlibet,
357 3506 439 3556 511551
458 3507 660 3568 perversissime
700 3504 806 3569 (iuven.
827 3505 881 3555 Sel.
895 3506 937 3564 12,
956 3503 1007 3568 5.),
1027 3505 1069 3556 vel
1087 3507 1121 3554 115
1136 3505 1220 3554 sulta-

137 3596 281 3646 quacque,
307 3584 335 3632 in
355 3597 384 3633 se
409 3585 546 3647 suscipere
560 3585 661 3634 mullo·
698 3585 782 3646 tione,
797 3598 877 3648 quarn
894 3586 984 3634 restim
999 3585 1089 3634 ducere
1101 3583 1220 3646 appelln-

137 3676 191 3725 que
216 3675 278 3710 cum
301 3663 395 3712 lebore
425 3663 554 3725 perlicere
583 3675 661 3724 coge·
699 3663 764 3712 5551
785 3660 859 3725 (Ter.
879 3663 930 3712 nd.
950 3663 976 3725 l,
993 3663 1020 3724 ’1,
1040 3659 1108 3726 ee),
1128 3661 1219 3712 uelde

137 3745 209 3790 tur.»
230 3741 369 3803 Frequens
382 3743 530 3793 sententie:
550 3741 661 3791 Publius
699 3741 764 3790 ludo
799 3754 972 3804 puerorum,
1010 3741 1057 3803 qui
1087 3741 1221 3790 ducebant
1313 3754 1317 3758 ¹

138 3819 220 3882 Syrus
247 3819 317 3870 998:
345 3821 459 3870 Pecunia
482 3827 521 3870 est
546 3819 660 3876 5551115,
700 3824 833 3881 sparteam
863 3824 962 3868 restem
990 3822 1016 3867 51
1043 3819 1144 3868 tamdiu
1169 3824 1220 3867 tru-

137 3897 222 3946 riscis
242 3898 298 3955 511,·
324 3899 347 3946 tt
368 3900 465 3958 555511,
493 3900 567 3948 beru.
616 3897 661 3946 Se·
700 3897 822 3959 hebent,
864 3898 950 3946 donec
986 3901 1032 3944 551
1065 3900 1222 3958 rumperent

138 3987 207 4022 5555
228 3974 265 4037 (le,
286 3975 340 4026 vite
366 3975 516 4026 55515235
547 3975 662 4044 Divitiae
700 3980 747 4023 551
777 3976 906 4024 alteruter
932 3974 1030 4023 omissa
1063 3973 1136 4023 lunis
1163 3986 1222 4035 pre-

138 4052 211 4112 oport
225 4053 370 4112 sapientem
389 4055 475 4102 cirum
493 4056 522 4102 15
542 4053 663 4102 servitute
701 4051 832 4102 tensione
852 4052 928 4101 humi
954 4053 1078 4107 cederet,
1110 4050 1152 4102 vel
1177 4050 1242 4116 (15-Ι

138 4135 217 4190 suut,
250 4131 322 4195 apuli
348 4129 457 4182 stultum
485 4133 514 4181 15
543 4130 662 4192 imperio.
701 4126 1221 4192 51555555115155511555511155515
