2928 4794
237 328 320 400 274
595 345 736 393 noanon
757 342 959 390 seminarunt

238 489 464 573 Quaecunque
487 487 621 569 excepit
643 484 811 572 turgentis
832 483 977 546 verbero
994 451 1142 576 ’caudam

239 609 399 676 clunibus
421 611 479 672 aut
500 608 645 701 agitauit
668 588 785 689 equum
808 605 936 667 lasciva
964 601 1133 683 supinum,

238 731 383 796 Dimittit
406 744 512 812 noque
535 728 696 792 famosum
718 741 826 808 noque
848 723 1043 806 sollicitum,
1066 738 1108 784 ne

225 852 349 915 Ditior
370 853 428 914 aut
450 849 576 913 formae
598 847 742 911 melioris
765 847 863 910 meiat
886 842 1012 908 eodem.

166 975 167 982 ’
241 971 307 1056 Tu,
329 989 402 1036 cum
424 970 583 1054 proiectis
604 968 805 1054 insignibus,
828 966 927 1029 anulo
951 964 1098 1048 equestri

240 1091 459 1174 Romanoque
481 1089 613 1168 habitu,
636 1086 750 1172 prodis
772 1105 814 1151 ex
832 1085 945 1159 ¹iudice
967 1086 1073 1162 Deme

242 1211 381 1296 Turpis,
402 1211 575 1274 'odoratum
599 1212 700 1292 caput
723 1208 924 1272 obscurante
947 1205 1101 1290 lacerna,

242 1331 319 1396 Non
342 1350 395 1410 es,
419 1329 506 1415 quod
529 1321 691 1393 simulas?
714 1311 875 1392 Metuens
897 1325 1064 1392 induceris
1085 1330 1186 1412 atque

197 1437 199 1439 ’
242 1451 443 1536 Altercente
464 1450 655 1517 libidinibus
677 1451 791 1514 tremis
814 1467 891 1513 osse
912 1431 1051 1531 pavore.

272 1681 318 1732 IV.
355 1696 381 1734 v.
400 1681 445 1734 149.
465 1683 561 1744 occipit
579 1684 695 1746 arpentis
713 1696 739 1732 te
756 1682 865 1734 verbero
883 1680 968 1731 Cssdd.
988 1679 1116 1730 Blandin.

178 1840 182 1843 Ἴ
244 1857 425 1928 ἀνεῳγμένη.
454 1855 505 1924 Εἷς
517 1857 641 1924 ὀβολός·
671 1859 765 1928 etgari·
804 1873 897 1910 cerrus
922 1861 984 1921 cim,
1008 1860 1080 1909 mala
1099 1860 1171 1908 sarna
1193 1861 1326 1923 sequitur,

244 1937 353 2002 δησον·
387 1936 443 1990 ουίι
470 1934 530 1990 ἔστ’
554 1936 622 1991 οὐδὲ
645 1935 687 2003 εἷς
711 1937 764 1992 Ἀκ-
803 1953 892 2002 neque
906 1938 1054 2001 quidquam
1070 1952 1146 1999 curo,
1167 1940 1239 2001 quod
1257 1940 1329 1989 alius

244 2015 353 2082 κισμὸς
376 2013 445 2068 οὐδὲ
466 2017 565 2088 λῆρος,
588 2013 649 2069 ov'd'
672 2015 766 2088 ὑφήρ-
803 2019 885 2067 ditior
906 2023 953 2066 uui
977 2016 1122 2066 formosior
1145 2029 1207 2066 cum
1229 2019 1327 2067 eadem

244 2111 345 2152 cauce.
361 2091 427 2149 Ἀλλ’
439 2093 538 2160 εὐθὺς,
553 2091 591 2160 ὦς
599 2094 703 2160 βούλει
715 2097 764 2159 ού,
805 2097 946 2145 meretrice
971 2109 1028 2144 rem
1053 2095 1168 2154 habeat3
1199 2097 1326 2145 omnibus

243 2169 306 2238 χῶν
330 2173 433 2236 βούλει
459 2174 580 2246 τρόπον.
616 2171 765 2240 Ἐξῆλθεμ
803 2175 878 2224 euim
904 2187 991 2236 aeque
1013 2177 1143 2236 prostat.»
1174 2197 1205 2208 -
1231 2170 1327 2235 meiat]

245 2249 380 2318 οἰμώζειν
392 2249 466 2318 λέγ’,
484 2248 693 2323 ἁλλοιρία’σιι
706 2270 764 2305 σοι.
803 2254 944 2303 verniliter
963 2253 1093 2316 loquitur.
1129 2252 1235 2301 Placuit
1255 2253 1326 2302 idem

239 2337 278 2365 ’-
292 2329 409 2394 lucerna]
429 2333 457 2381 in
471 2333 539 2382 cella
553 2329 701 2395 lupanaris.
722 2333 766 2382 lu·
803 2333 899 2381 Persio
914 2332 940 2391 6,
961 2331 1009 2380 73:
1036 2338 1067 2380 ot
1079 2357 1090 2367 -
1102 2357 1113 2366 -
1129 2332 1263 2392 patriciae
1280 2333 1328 2379 im·

245 2423 307 2460 ven.
319 2410 345 2470 c,
360 2411 409 2459 121
418 2425 496 2474 seqq.
517 2411 665 2474 Utrumque
675 2417 764 2460 autem
802 2412 882 2459 meiat
893 2409 994 2458 oolooe.
1010 2432 1041 2443 -
1058 2409 1095 2456 To
1108 2406 1175 2470 com]
1197 2408 1254 2457 oTu
1265 2422 1327 2458 cum

244 2489 564 2538 clorolucernoetnodo
582 2491 766 2552 significatui·
804 2490 926 2552 deposito
954 2488 1036 2536 anulo
1066 2489 1185 2550 equestri
1210 2493 1237 2537 ei
1265 2493 1327 2550 loga

244 2567 378 2617 lissimum
403 2568 592 2629 prostibulum,
620 2570 691 2632 quod
709 2582 766 2618 om·
804 2569 884 2617 ‹lomo
898 2567 991 2629 prodis
1003 2579 1034 2614 er
1045 2567 1134 2615 iudice
1146 2566 1247 2616 selecto
1262 2563 1326 2628 (quo

244 2659 308 2696 nem
322 2647 463 2708 pudorem,
480 2661 560 2709 quem
575 2647 669 2698 saltem
684 2649 766 2696 simu·
805 2659 917 2695 monere
933 2653 1072 2707 tamquam
1091 2659 1173 2707 eques
1194 2645 1244 2693 llo.
1268 2646 1327 2694 luu-

245 2723 284 2772 lat
302 2729 424 2772 matrona
443 2726 556 2774 moecha
576 2731 602 2774 et
620 2726 718 2775 cultior
735 2726 766 2774 li·
792 2721 903 2787 gerice)
922 2724 1007 2773 laotos
1027 2725 1123 2784 Domo,
1143 2725 1203 2774 vilis
1222 2737 1326 2784 servus,

245 2802 484 2860 bertina,e1uerit.
495 2803 643 2851 -oerlero
656 2801 764 2866 conduc]
804 2803 913 2851 lacerna
929 2816 1020 2852 crassa
1038 2817 1100 2852 cum
1116 2803 1225 2852 cucullo
1245 2800 1326 2866 (mili-

243 2879 340 2943 Iuveu.
353 2879 381 2938 c,
395 2879 459 2928 126:
487 2882 521 2929 Et
539 2883 662 2942 resupino
681 2884 767 2932 locent
804 2887 861 2930 tum
875 2887 902 2930 et
912 2896 1051 2934 servorum
1063 2879 1157 2944 pallio)
1172 2889 1326 2944 coopertus,

243 2957 386 3020 multoque-nt
405 2958 630 3011 olamtoitictoa.
667 2956 766 3031 Οὐράν
804 2973 838 3009 ne
856 2973 1034 3022 agnoscere.»
1064 2960 1201 3020 luven.8‚
1219 2961 1285 3010 143:
1303 2961 1327 3008 ci

244 3031 279 3084 τὸ
303 3034 417 3085 αἰδοῖον
442 3037 507 3085 dixit
528 3039 581 3086 iarn
608 3039 765 3101 Sophocles,
803 3045 945 3087 nocturnos
965 3040 1069 3088 adulter
1088 3040 1217 3100 Tempora
1233 3039 1327 3088 Santo-

245 3117 313 3162 tcste
337 3112 432 3164 Photio
457 3115 521 3165 Lex.
550 3131 576 3178 p.
601 3117 663 3176 eto,
687 3119 713 3167 5.
734 3143 764 3154 —-
803 3119 861 3184 nico
875 3119 946 3166 celos
958 3119 1087 3180 adoperta
1100 3117 1208 3166 cucullo.
1224 3119 1327 3167 -odo-

245 3190 381 3254 clunibus]
413 3197 521 3244 veneris
543 3195 645 3258 ligura,
664 3197 765 3248 semina
804 3193 909 3257 rotem]
929 3197 996 3246 Cum
1018 3197 1156 3260 ceteroqui
1178 3197 1212 3245 sit
1233 3198 1326 3247 habitu

190 3303 192 3308 ,
244 3271 334 3324 virum
369 3273 497 3336 supinum
532 3274 708 3325 inscendeuie
740 3283 766 3326 ei
804 3275 905 3335 servili,
927 3281 1127 3338 unguentorum
1141 3280 1232 3324 tamen
1244 3277 1327 3326 odore

243 3351 330 3401 eorim
353 3352 435 3403 veluti
458 3367 558 3416 equum
572 3355 702 3416 agitante,
723 3371 767 3406 κε·
805 3355 912 3416 placere
933 3355 988 3404 uolt
1006 3355 1147 3403 moechae.
1169 3380 1200 3391 —
1219 3355 1279 3404 Non
1292 3351 1327 3416 et]

238 3430 375 3496 ’ληιίζειν
404 3433 578 3496 Asclepiades
602 3435 685 3485 Anth.
707 3435 764 3484 Pal.
805 3425 925 3484 «Nonne
938 3439 1003 3483 tunc
1024 3447 1119 3496 reapse
1142 3447 1187 3495 cs,
1209 3435 1282 3497 quod
1302 3440 1327 3484 te

176 3553 178 3558 ,
242 3509 264 3557 i.
292 3523 319 3572 p.
344 3511 410 3560 ita:
447 3510 590 3577 Λυσιδίκη
610 3539 622 3549 -
641 3539 653 3550 ·
673 3511 766 3564 πολὺν
804 3528 864 3564 esse
890 3515 1018 3574 simulas,
1046 3527 1139 3566 servus
1166 3515 1327 3577 nequami»

241 3580 348 3637 clutton
365 3587 453 3638 ἵππον
465 3587 641 3655 ἐγύμνασεν.
663 3592 766 3641 Seneca
804 3620 835 3629 -
853 3590 972 3656 pooorc]
1003 3600 1158 3656 «pugnante
1180 3594 1327 3644 identidem

243 3663 293 3726 llp.
306 3666 355 3715 95:
368 3667 480 3736 feminac
491 3670 550 3728 poti
561 3676 642 3718 notae
655 3667 693 3728 (di
705 3671 766 3720 illos
803 3685 904 3735 pavore
922 3687 984 3722 eum
1001 3673 1124 3730 libidine,
1143 3673 1187 3721 cui
1201 3675 1328 3723 resistere

243 3742 353 3804 deaeque
373 3739 441 3792 male
460 3744 602 3808 perdenti)
623 3749 688 3796 odeo
708 3763 766 3810 pec·
804 3752 940 3815 nonquis,
955 3765 1042 3815 usque
1055 3752 1161 3801 adosse
1174 3754 1299 3803 tremis.»

222 3831 343 3892 ‘cerotem
370 3829 528 3871 commentae
554 3838 632 3886 penus
654 3827 767 3888 impodi-

242 3898 329 3956 citioe,
359 3901 430 3948 viros
454 3901 554 3952 locunt.
591 3903 700 3954 liuhnlr.
731 3907 764 3955 ad
838 3907 961 3958 58-60.
993 3909 1060 3971 Quid
1073 3906 1164 3973 refert]
1186 3909 1274 3972 «Quid
1288 3910 1327 3958 in·

243 3976 325 4026 Ruiil·
344 3991 371 4039 p·
392 3979 453 4028 26⁰·
803 3991 902 4046 teresi,
933 3994 1024 4037 uirum
1051 3988 1213 4050 gladiatorio
1239 4002 1328 4038 sacra·

277 4056 399 4106 51-57.
428 4056 555 4122 Dimittit]
571 4060 653 4112 «Cum
668 4075 699 4111 ex
713 4062 765 4113 ior·
804 4072 896 4114 mento
918 4068 1041 4117 addictus
1066 4067 1103 4115 sis
1125 4067 1255 4128 lanistae,
1282 4067 1327 4117 cui

242 4135 304 4184 uice
317 4135 438 4196 discedo,
458 4137 535 4189 nulla
546 4153 600 4200 me,
614 4145 705 4204 utpote
714 4143 764 4204 qui
803 4145 1059 4196 teauotorereris'in
1072 4145 1326 4200 ollaecsuntverht
