2920 4792
241 279 322 356 210
602 303 740 352 aurern
762 299 962 351 carinarum

243 447 373 522 llrllcit,
395 445 543 531 piscator
565 445 630 530 uti,
652 445 836 528 pomarius,
859 443 1000 527 auceps,

244 566 497 654 Unguentarlns
519 584 559 631 ac
583 564 683 631 'lusui
704 565 803 630 turba
824 565 923 648 impia
946 564 1030 646 ulei,

243 689 324 755 000
346 687 471 754 scurris
493 685 619 766 ferior,
641 703 713 750 cnm
737 683 883 750 Velabro
907 691 1003 748 omne
1025 683 1213 764 macellum,

244 805 495 874 Menedemum
508 807 656 870 veniant.
671 803 758 884 0013
775 797 871 868 tum?
891 805 1023 870 Venere
1034 803 1240 888 frequentes·
1265 799 1332 862 23⁰

244 929 358 993 Verba
379 928 462 993 iecit
484 927 582 991 leuca
604 924 771 1010 Quidquid
786 925 879 1007 mibi,
902 923 1059 1009 quidquid
1074 926 1108 990 ei
1126 921 1242 988 borum

231 1043 371 1132 ¹(inique
388 1047 559 1126 contest,
581 1045 615 1110 id
630 1045 729 1112 crede
742 1053 832 1110 tuum
852 1048 886 1110 et
897 1046 951 1110 vel
968 1060 1056 1110 nunc
1073 1046 1150 1128 pete
1166 1045 1224 1110 vel
1243 1062 1332 1110 crus.

245 1167 388 1251 Accipe,
413 1166 491 1250 quid
513 1169 631 1232 contra
653 1167 784 1230 iuvenis
805 1163 1018 1249 responderit
1040 1181 1188 1248 aequus:

245 1287 286 1352 ln
310 1288 387 1351 nive
408 1287 544 1352 Inucane
567 1286 689 1351 dormis
712 1288 884 1369 ocreatus,
906 1288 943 1349 ut
964 1303 1079 1368 aprum

298 1479 320 1529 1.
358 1494 384 1531 r.
405 1479 466 1530 230.
492 1481 555 1543 quid
573 1480 650 1529 tum?
668 1475 772 1542 omre]
804 1479 866 1528 bSc.
895 1479 940 1540 qui
958 1491 1015 1526 cum
1032 1490 1123 1528 uenero
1141 1476 1178 1527 Μ.
1217 1489 1244 1528 v.
1264 1476 1329 1528 233.

244 1554 339 1599 contro
356 1550 418 1598 bueo
434 1550 534 1598 iuventa
552 1550 596 1598 bo.
616 1543 683 1611 (non
701 1543 742 1610 S.)
779 1562 805 1598 v.
825 1545 887 1597 233.
907 1559 988 1608 apros
1006 1546 1034 1595 S.
1055 1541 1121 1608 (non
1141 1541 1196 1608 bc.)

285 1654 323 1703 11.
360 1669 387 1704 v.
406 1653 468 1704 230.
488 1655 532 1717 qui
550 1667 607 1703 eum
624 1667 715 1703 venero
734 1654 763 1703 1².

267 1759 317 1808 lll.
355 1774 381 1810 v.
401 1759 463 1808 230.
484 1761 527 1822 qui
546 1771 710 1808 cumvenerit
728 1759 800 1808 coni.
821 1771 852 1808 ex
871 1757 988 1807 lectione
1007 1757 1072 1806 003.
1087 1755 1184 1806 Baltel.
1203 1758 1249 1820 qui
1262 1762 1328 1806 tum.

243 1827 447 1886 vincomalus,
468 1828 538 1876 liceo
557 1827 588 1878 V.
609 1827 640 1876 Ε.
659 1827 693 1876 Κ.
731 1841 758 1877 r.
777 1825 839 1877 233.
862 1829 899 1876 lu
919 1829 979 1877 nior
997 1827 1069 1875 coni.

273 1932 318 1981 lV.
356 1911 382 1982 ν’.
402 1931 464 1981 230.
485 1933 655 1995 quidecim?
673 1947 763 1983 uenero
781 1933 865 1984 0033.
886 1933 964 1983 Torr.
1002 1947 1029 1984 v.
1048 1931 1111 1982 203.
1140 1933 1221 1982 duros
1241 1944 1329 1981 ocrea-

244 2007 285 2051 tus
302 2000 458 2052 Markland.

243 2154 400 2212 revincam»
420 2153 502 2206 etiam
516 2153 544 2203 in
558 2167 638 2217 prosa
652 2167 692 2204 or.
707 2154 764 2208 Cic.
803 2159 832 2204 ut
856 2154 974 2204 retardet
999 2153 1166 2212 orationem,
1195 2156 1225 2201 ut
1245 2152 1328 2203 lecto·

240 2245 291 2296 pro
313 2231 420 2282 Cluent.
438 2234 491 2283 ll:
516 2235 590 2284 Vince
611 2233 702 2284 300030
723 2235 765 2284 bo·
804 2247 861 2284 rem
877 2233 973 2282 excitet
989 2238 1070 2295 atque
1090 2243 1244 2281 sermonem
1262 2244 1329 2294 quo·

240 2324 303 2360 num
315 2311 402 2359 virum
418 2313 495 2374 fuisso
509 2311 693 2374 Oppianicum.
803 2312 934 2361 tldianum
960 2311 1069 2372 egregie
1100 2311 1230 2359 imitetur.
1270 2308 1326 2360 00.

275 2387 327 2437 227
338 2411 368 2424 -
378 2389 439 2438 233.
478 2387 579 2452 Edicit]
598 2391 674 2453 qnasi
689 2405 765 2453 prae·
802 2389 858 2440 Cio.
873 2389 954 2438 Tusc.
969 2389 995 2449 2,
1006 2381 1053 2438 tl:
1073 2389 1110 2439 Μ.
1126 2389 1230 2437 Videsne
1246 2387 1329 2436 abun·

239 2471 298 2525 tor;
328 2469 375 2517 sed
394 2469 445 2518 boo
467 2469 539 2519 volt:
573 2484 640 2532 uper
656 2483 765 2531 praeco·
802 2469 865 2517 dore
887 2482 926 2516 me
944 2468 1019 2516 otio?
1049 2466 1081 2516 Α.
1106 2467 1174 2528 Quid
1198 2466 1275 2516 lumi
1294 2491 1328 2502 -

240 2559 303 2596 nem
323 2547 458 2608 privatum
471 2548 513 2598 vel
530 2549 612 2598 etiam
626 2549 764 2598 servulum
802 2542 874 2607 leno]
904 2545 982 2606 Apud
999 2545 1167 2594 luxuriosum
1187 2544 1251 2593 leno
1274 2543 1328 2605 pri-

240 2625 368 2674 omnibns
386 2625 588 2674 notumlacit.»
609 2648 639 2661 -
672 2621 763 2688 Tusci]
802 2637 861 2672 mus
886 2623 1007 2685 loquitur
1036 2629 1174 2684 tamquam
1202 2621 1326 2672 omnium

236 2699 321 2752 ‘Tusci
342 2703 489 2765 aliquando
505 2703 539 2750 ab
558 2701 675 2753 Aricinis
694 2704 763 2766 pulsi
802 2701 969 2750 nebulonum
992 2707 1132 2764 patronus.
1154 2725 1184 2736 -
1209 2695 1325 2764 aequm]

240 2778 381 2829 contulere
394 2780 697 2836 soliomametvlcum‚
718 2781 764 2842 qni
804 2780 983 2841 «benignus»
1004 2789 1066 2830 κατ’
1086 2779 1246 2851 εἰρωνείαν.

239 2869 313 2920 nunc
330 2857 460 2906 Turarins
474 2857 585 2918 dicitur,
606 2859 766 2907 insederunt

239 2935 320 2995 eique
363 2948 442 2984 suum
481 2949 581 2985 nomen
620 2937 762 2986 dederunt.
837 2935 1001 2990 233-238,
1040 2929 1162 2995 lunico]
1200 2933 1269 2984 Cum
1290 2934 1324 2983 ad

240 3010 331 3062 Comae.
344 3010 392 3062 00.
417 3012 457 3061 lbi
467 3013 580 3062 lenones
594 3015 761 3071 habitabunt,
801 3019 957 3063 venatorem
976 3018 1145 3075 praesentem
1165 3025 1193 3060 se
1212 3025 1325 3062 eonver-

239 3089 364 3140 bomines
378 3091 479 3153 periuri
496 3098 577 3154 atquo
590 3092 715 3142 iniames.
730 3117 763 3129 -
802 3097 852 3152 tat,
881 3105 949 3154 opus
970 3106 1025 3142 non
1047 3097 1101 3150 est,
1126 3095 1155 3141 ut
1173 3092 1323 3141 scribamus

238 3164 343 3231 sartor]
377 3169 424 3231 qui
454 3170 563 3229 insicia,
603 3170 760 3230 sarcimine,
801 3170 844 3220 rel
863 3171 902 3220 Tu
921 3171 1059 3219 cloccum
1079 3169 1167 3219 Bontl.
1188 3168 1324 3219 relTuiu

240 3244 388 3308 lucanicae,
408 3247 488 3296 billes
507 3248 608 3299 rendit.
631 3273 660 3284 -
687 3251 763 3300 Velo-
799 3249 857 3297 nive
887 3263 948 3297 cum
979 3247 1116 3310 Gargallo.
1144 3270 1176 3280 -
1207 3243 1322 3309 300030]

238 3317 305 3385 bro]
324 3325 358 3373 ad
378 3325 482 3376 radices
495 3325 623 3377 Aventini
638 3328 703 3377 olim
717 3343 763 3392 pa·
802 3327 893 3375 obumi
907 3331 932 3376 to
948 3327 1062 3388 sternio,
1083 3331 1126 3386 ut,
1147 3323 1172 3375 si'
1186 3325 1325 3388 30010000-

238 3393 297 3463 100.
317 3404 366 3452 ubi
382 3403 508 3456 lintribus
522 3407 689 3457 vehebantur
711 3404 762 3467 (ve-
800 3404 851 3459 sio.
872 3417 998 3454 somnum
1017 3405 1136 3466 copiae.»
1153 3403 1207 3454 00.
1226 3403 1282 3453 Sat.
1297 3405 1323 3463 1,

238 3480 398 3544 bolobrum),
422 3483 469 3533 ubi
483 3486 639 3547 prostabant
651 3487 760 3546 omnia,
799 3483 825 3541 1,
844 3481 888 3531 71.
926 3482 1039 3532 Prorsus
1058 3484 1140 3543 igitur
1159 3495 1324 3544 supervaca-

239 3572 309 3620 quae
322 3561 356 3609 ad
368 3561 455 3611 victus
470 3564 601 3613 rationem
616 3570 696 3626 atque
712 3565 761 3614 30-
799 3574 850 3610 000
864 3561 1017 3611 Marklandi
1033 3562 1105 3612 conl.
1120 3562 1212 3610 duros.
1223 3585 1254 3596 —
1268 3573 1324 3610 oar·

238 3635 314 3684 licias
336 3639 516 3699 pertinebant.
542 3641 633 3692 0000.
647 3640 706 3692 00.
729 3665 759 3676 -
798 3635 852 3701 ria]
874 3639 1038 3699 everriculo;
1060 3639 1186 3701 idoctori,
1208 3639 1259 3687 etol
1278 3651 1324 3686 ne·

239 3713 307 3775 Quid
328 3717 406 3763 tum?
431 3717 538 3782 uenero]
572 3719 659 3782 «Quid
679 3733 760 3782 porro
798 3723 843 3779 gat
864 3717 932 3778 Fen,
953 3718 1011 3768 lieri
1025 3723 1143 3780 poterat,
1163 3718 1245 3766 otiam
1259 3729 1324 3778 pro-

236 3790 337 3840 tactum
347 3795 405 3843 esti
418 3795 497 3846 Brevi
506 3798 608 3846 dicam:
624 3797 758 3845 Venere.»
798 3796 900 3845 cellnso
909 3798 988 3856 mari,
1000 3810 1054 3847 non
1063 3796 1151 3846 solum
1162 3795 1322 3857 tranquillo.

236 3867 281 3918 Sic
303 3870 379 3919 ltali:
401 3873 451 3922 Cbo
466 3876 535 3936 poi?
562 3875 671 3935 Frigore
693 3875 759 3923 mibi
797 3872 889 3922 Altera
907 3876 1017 3937 quidem
1034 3876 1114 3926 lectio
1126 3875 1198 3923 collis
1217 3875 1272 3924 iam
1289 3875 1323 3922 ab

235 3947 343 3997 videtur
363 3949 478 4001 Bentleii
503 3953 547 4014 qui
569 3965 625 4000 uum
650 3965 758 4010 venem
797 3951 903 4002 Acrone
921 3960 1104 4013 memoratur,
1130 3955 1176 4017 qui
1197 3966 1258 4002 eam
1280 3966 1324 4002 er·

236 4027 364 4088 quocirca
377 4030 445 4080 redii
463 4030 496 4078 03
516 4029 578 4079 leot.
593 4029 677 4080 codd.
691 4035 757 4092 opit.
797 4032 890 4095 ponit:
920 4045 999 4080 ocum
1023 4025 1182 4084 difficultate
1208 4031 1322 4080 trabis.»

213 4105 434 4168 ‘etantiquioo.‚
455 4119 525 4169 qnae
544 4111 649 4156 tantum
669 4109 757 4168 abest,
796 4109 848 4160 Sed
878 4111 1045 4160 contrarium
1073 4113 1180 4162 videtur
1210 4109 1324 4159 Latinae
