2920 4792
238 292 319 364 262
596 311 735 368 nonaru
756 309 957 357 sarraanun

237 451 373 518 Divitiis
393 447 560 527 homines,
582 466 626 512 au
647 450 714 512 sint
735 449 860 512 virtute
884 445 993 527 heati3

239 567 371 648 Quidve
391 567 436 632 ad
457 567 635 648 amicitias,
658 585 739 630 usus
759 541 948 649 rectumne,
971 559 1083 626 trahat
1098 560 1181 641 'nos3
1281 552 1322 613 75

166 694 169 700 “
238 687 284 750 lut
307 704 391 770 quae
413 687 458 750 sit
479 689 598 749 natura
618 685 696 748 honi
718 700 939 766 summumque
962 679 1039 765 quid
1061 681 1142 743 eius.

240 798 381 869 Cervius
402 803 486 868 haec
508 805 596 868 inter
616 805 747 892 vicinus
767 803 875 890 garrit
898 801 1005 865 aniles

240 922 296 985 Ex
316 940 354 986 re
375 922 527 990 fabellas
570 917 609 987 Si
632 923 800 1004 quisnam
822 918 937 983 laudat
959 917 1068 984 Arelli

242 1035 415 1109 Sollicitas
435 1041 575 1127 ignarus
594 1057 695 1126 opes,
718 1041 773 1102 sic
789 1039 921 1120 incipit:
949 1034 1034 1101 Olim

243 1157 406 1228 Rmtioos
427 1159 587 1230 urbanum
609 1176 732 1226 murem
753 1177 826 1220 mus
847 1174 994 1242 paupere
1017 1155 1125 1218 fertur
1282 1148 1325 1210 80

147 1253 149 1258 ¹
243 1276 430 1362 Accepisse
452 1295 555 1355 cavo,
576 1279 725 1341 veterem
746 1280 847 1340 vetus
868 1275 993 1359 hospes
1014 1276 1167 1369 amicum3

241 1390 359 1479 *Asper
381 1399 588 1462 et'attentus
610 1397 785 1480 quaesitis,
808 1379 845 1458 ut*
866 1397 977 1458 tamen
998 1397 1105 1458 ertum

244 1509 404 1581 Solveret
425 1515 579 1599 hospitlis
601 1517 751 1578 animum.
795 1513 883 1594 Quid
905 1505 1033 1577 multa?
1055 1528 1162 1594 neque
1184 1511 1241 1576 ille

245 1628 396 1716 Sepositi
417 1635 536 1699 ciceris
557 1635 765 1723 neciongao
788 1632 906 1696 invidit
928 1649 1076 1713 avenae,

245 1749 385 1818 Aridum
408 1755 442 1815 et
464 1770 523 1815 ore
544 1752 658 1815 ferens
680 1755 808 1816 acinum
831 1769 1024 1835 semesaque
1046 1747 1131 1816 lardi
1284 1743 1324 1805 85

249 1869 374 1938 Frusta
396 1868 505 1954 dedit,
527 1873 665 1953 cupiens
685 1872 781 1934 varia
801 1869 937 1934 fastidia
959 1887 1065 1934 coena

299 2040 321 2092 1.
358 2056 384 2092 r.
404 2040 449 2092 78.
467 2054 530 2090 aem
547 2043 571 2090 si
589 2042 646 2105 quis
664 2041 692 2092 S.
713 2037 780 2104 (non
800 2043 854 2099 hc.)

286 2137 324 2188 11.
361 2151 388 2191 r.
402 2136 447 2187 78.
465 2151 528 2187 aum
538 2139 562 2187 ei
574 2139 631 2201 puis
643 2137 718 2189 LCT.
738 2152 764 2190 v.
779 2137 823 2187 83.
836 2151 916 2200 oeque
928 2137 969 2186 titt
981 2136 1056 2188 LGT.
1080 2150 1106 2188 v.
1121 2135 1165 2185 84.
1179 2149 1260 2199 aeque
1273 2135 1325 2186 Lc.

249 2268 427 2337 -reetttmtte]
442 2275 549 2324 uutrum
560 2271 635 2331 utile,
643 2271 768 2321 anhonc·
806 2271 850 2320 20.
870 2271 937 2335 Epp.
959 2272 985 2331 1,
1005 2271 1029 2332 1,
1048 2269 1092 2320 73.
1112 2269 1189 2322 Ouid.
1209 2270 1281 2319 Fast.
1299 2269 1327 2330 2,

249 2356 319 2403 stum
333 2350 464 2400 amicitias
475 2352 635 2399 contrahere
644 2350 767 2399 debeat.»
807 2351 872 2400 799:
891 2355 921 2398 ut
938 2349 1070 2412 quondum
1080 2349 1190 2398 mahath
1202 2349 1330 2409 depresso

249 2425 474 2492 *summumqueJ
487 2424 770 2493 «τὸτέλοςτῶνᾶγα-
807 2426 1005 2490 retorsione.
1032 2451 1065 2462 -
1087 2422 1174 2486 asper]
1196 2425 1330 2475 «lahorio-

249 2501 770 2577 hoim‘tiovp'naperpaperpetuaiiie
808 2519 870 2564 sus,
898 2509 925 2554 et
949 2504 1062 2552 minime
1086 2503 1270 2554 luxuriosus.»
1297 2526 1328 2538 ·-

248 2583 433 2635 controversia
447 2583 770 2644 interStoieosetEpieu-
807 2580 932 2644 attentus]
963 2595 1105 2644 «parcus»
1137 2587 1166 2631 ut
1189 2581 1252 2630 Ter.
1277 2580 1329 2630 Ad.

248 2657 769 2724 τεοειιοεφιοᾳιιοαςίιεί.»49τυί43]
807 2661 834 2720 5,
854 2659 881 2720 8,
902 2661 949 2709 31:
978 2659 1093 2709 Nimium
1112 2661 1224 2708 adrem
1246 2660 1276 2707 to
1295 2671 1331 2708 se·

248 2739 356 2801 lepidus
369 2752 402 2787 ac
414 2739 517 2787 facetus
532 2738 636 2786 Horatii
654 2737 768 2798 vicinus,
807 2745 882 2788 necto
895 2739 991 2788 attenti
1003 2751 1100 2786 mmcc-
1120 2737 1176 2788 Cic.
1191 2751 1240 2800 pro
1250 2737 1332 2798 Quin·

248 2816 326 2868 coins
357 2828 458 2869 uomen
489 2815 638 2879 posteritati
665 2814 770 2864 tradere
809 2817 845 2865 tio
858 2817 889 2866 3:
906 2817 1102 2879 paterfamiliae
1116 2815 1233 2877 prodeat
1251 2821 1276 2864 et
1294 2820 1333 2864 ot·

250 2893 352 2956 placuit
363 2894 473 2955 poeta03
486 2881 598 2941 Arellius
607 2898 700 2941 contra
710 2907 771 2943 eva·
808 2899 902 2943 tentus.
930 2917 964 2930 -
989 2900 1019 2943 ut
1037 2890 1134 2955 tumet]
1157 2893 1211 2941 uita
1230 2897 1331 2950 minen,

249 2984 306 3030 rus,
327 2971 391 3019 item
413 2971 441 3019 in
461 2970 560 3020 vicinia
581 2971 716 3020 habitans.
739 2997 767 3007 -
809 2977 838 3020 ut
865 2973 987 3021 animum
1012 2972 1080 3021 alies
1107 2976 1275 3021 contractum
1300 2981 1332 3016 ac

249 3045 355 3116 parsit]
382 3049 516 3098 «comiter
540 3054 632 3098 narret
657 3049 770 3100 saheilas
809 3063 893 3112 prope
917 3051 1027 3101 anxium
1059 3051 1162 3099 laxaret
1191 3048 1332 3110 hospitiis»

248 3123 380 3189 Aesopias
393 3126 485 3186 anthr,
505 3126 631 3175 omnihus
649 3128 704 3178 iem
722 3142 771 3190 per
810 3123 917 3191 (datin,
936 3134 966 3178 ut
984 3129 1079 3179 iuven.
1101 3127 1128 3188 4,
1148 3125 1199 3176 67:
1216 3137 1335 3188 propero

248 3206 386 3259 nutricum
407 3205 575 3256 narrationes
593 3205 656 3262 inde
673 3219 689 3254 a
707 3220 771 3268 pue·
805 3207 965 3256 stomachum
974 3207 1067 3255 tacere
1077 3206 1177 3269 captate
1187 3202 1209 3266 :)
1229 3217 1277 3252 «se
1287 3216 1331 3251 ex-

249 3282 404 3344 ritianotas‚
418 3283 772 3351 nectamenunquaminiu-
808 3285 937 3336 hilararet
958 3285 1093 3334 interdum
1117 3283 1238 3346 hospites
1263 3281 1332 3331 iuvi-

248 3361 361 3430 eunias,
373 3361 395 3411 si
405 3359 491 3417 tacete
504 3364 772 3413 martenium-Eo
809 3364 917 3412 tando.»
944 3383 978 3398 -
1004 3360 1058 3424 itte]
1079 3361 1188 3424 «utqui
1209 3365 1264 3410 tam
1285 3361 1330 3408 he-

249 3437 288 3502 rc]
305 3452 371 3501 «pro
388 3444 508 3500 resarta,
517 3445 547 3492 ut
559 3453 602 3489 res
614 3440 666 3490 fert
678 3444 705 3490 et
717 3452 772 3488 ser·
810 3441 910 3502 nigrius
929 3446 1033 3498 esset3»
1062 3439 1159 3491 meiius
1173 3453 1239 3489 sane
1253 3451 1336 3500 quam

249 3517 339 3568 monis
348 3516 418 3566 iorte
427 3518 479 3567 orti
489 3519 629 3577 occasion
649 3519 688 3567 sic
698 3518 771 3568 enim
808 3518 865 3574 itii,
894 3533 956 3569 cum
978 3520 1076 3584 partim
1098 3534 1124 3567 v.
1146 3519 1190 3568 80.
1211 3531 1272 3567 mus
1292 3530 1335 3564 ur·

249 3595 338 3660 potius
356 3594 514 3656 explicuerim
526 3609 607 3658 quam
621 3609 669 3644 «ex
683 3609 733 3644 usu
747 3609 770 3644 s.
810 3596 895 3652 hunus
917 3597 975 3659 ipso
993 3597 1139 3647 verborum
1150 3597 1248 3646 ordine
1262 3598 1333 3657 post·

249 3671 357 3722 utiies.»
379 3697 408 3712 .-
426 3669 547 3736 ipocrite]
562 3677 707 3735 «quantam
720 3673 772 3721 sol·
809 3680 939 3736 ponatur,
958 3676 1071 3737 partim,
1092 3676 1137 3724 hic
1158 3675 1223 3738 quid
1236 3674 1331 3738 egerit,

249 3747 419 3803 licitudinsm
437 3749 540 3799 Arellio
564 3750 607 3798 isti
629 3748 770 3799 afferant.»
811 3758 937 3802 narretur
948 3767 974 3806 r.
989 3753 1033 3803 87.

283 3827 409 3882 79-83.
437 3824 514 3889 Olim]
526 3827 594 3876 Oh'm
603 3832 629 3875 et
640 3829 772 3888 amitam
843 3830 969 3882 84-87.
1005 3829 1112 3894 invidit]
1132 3831 1333 3893 congenitae,

247 3901 377 3968 frequens
402 3905 564 3958 tabellarum
589 3909 615 3954 et
636 3905 771 3967 exemplo·
810 3909 976 3973 utm‘eovrtv
992 3912 1049 3962 τινὶ
1065 3908 1153 3974 τινός.
1173 3899 1248 3972 virg.
1263 3909 1333 3960 hen.

248 3997 310 4036 rum
332 3983 456 4045 initium,
485 3987 608 4032 nostrum
637 3984 770 4035 cismai.
809 3989 852 4049 11,
865 3981 931 4038 126:
945 3988 1095 4040 Invidiosus
1104 3991 1182 4051 prius
1191 3990 1273 4038 mirer
1285 3987 1335 4036 het

246 4060 304 4118 th.
322 4061 421 4118 uenat,
441 4061 475 4114 td
494 4061 556 4115 Ter..
576 4057 662 4117 Andr·
680 4061 717 4126 5,
736 4063 769 4126 4,
807 4066 859 4116 line
878 4065 1016 4118 lotorum?
1035 4090 1068 4106 -
1087 4064 1196 4132 toruae]
1227 4067 1335 4116 «nabet
