2916 4796
244 289 325 356 418
580 279 721 348 nostru
749 298 983 346 ceusu-ocenum

244 445 398 528 Quinque
419 443 527 507 bonos
548 439 683 504 solitum
705 434 839 501 Voriem
861 433 1025 498 dimittere
1049 434 1184 515 potres,

246 565 437 640 Certemus,
459 560 575 642 opines
596 557 749 620 animone
772 572 837 642 ego
859 555 1001 634 fortius,
1023 570 1067 616 un
1089 553 1126 614 tn

246 680 386 746 llvelles
407 696 492 764 egro
514 679 548 741 et
570 676 686 740 melior
707 675 751 738 sit
772 674 950 756 Horatius,
971 688 1015 734 en
1037 688 1103 734 res.
1307 662 1326 722 ⁵

244 801 304 864 Me
327 799 477 882 quemvis
499 796 633 860 Lemise
655 795 764 877 pietus
785 795 820 855 et
842 809 923 857 curn
945 792 1092 854 moretur

244 919 395 982 Fratrem
418 914 612 996 moerentis,
634 915 733 995 repto
756 910 798 975 de
820 911 926 974 fratre
949 908 1094 972 dolentis

296 1110 319 1157 Ι.
357 1103 874 1168 Ep.x1v.r.s..t⁷msemsuperser.
895 1098 995 1149 Veliam
1017 1098 1046 1147 S.
1068 1069 1151 1147 Vario
1174 1109 1201 1146 e.
1252 1112 1278 1148 r.
1299 1098 1326 1146 5.

244 1176 343 1226 lieellce
362 1187 497 1238 superscra
518 1187 535 1222 u
553 1185 579 1221 c.

283 1280 319 1329 11.
358 1279 406 1340 up.
426 1277 497 1326 xiv.
533 1291 560 1327 v.
581 1276 607 1324 e.
628 1276 738 1324 casas·
757 1273 810 1322 nu.
848 1287 875 1323 v.
896 1271 923 1321 c.
942 1245 1060 1320 morcui
1078 1257 1129 1319 ncss

274 1383 320 1433 lv.
357 1397 383 1434 v.
403 1383 430 1432 5.
450 1395 495 1430 rus
513 1382 546 1430 D.
567 1380 705 1429 Heinsius.

242 1565 313 1614 tibus
335 1561 555 1628 municipalibus.
606 1555 697 1621 (lilii,
728 1571 763 1607 ne
802 1557 933 1616 deemus,
966 1561 1056 1605 utrum
1086 1568 1137 1616 ego
1168 1555 1327 1617 diligentius

241 1655 309 1704 opus
330 1641 460 1689 rusticum
477 1641 613 1695 cessaret,
634 1637 708 1684 domi
725 1636 764 1685 vi·
802 1635 924 1685 animum
944 1647 1035 1684 meum
1048 1633 1121 1706 ¹vitiis
1140 1647 1269 1695 purgem,
1290 1647 1327 1682 en

220 1720 339 1770 ,dentur
358 1712 545 1776 remansisse.)
564 1715 632 1762 Satis
649 1713 763 1762 ridicule
801 1718 831 1761 tu
853 1714 945 1775 spines
967 1726 999 1761 ex
1022 1724 1087 1772 egro
1116 1724 1176 1759 meo
1205 1710 1325 1769 evelles;

241 1793 580 1853 Scholiasteedequinque
593 1792 763 1840 senatoribus
803 1797 883 1854 etque
900 1796 960 1840 utre
975 1791 1044 1839 retio
1063 1789 1160 1839 melior
1173 1790 1224 1845 sit,
1245 1783 1326 1847 esne,

243 1869 311 1934 (sive
325 1871 413 1934 potins
432 1865 635 1930 decurionibus)
651 1867 764 1916 Variam
803 1883 855 1932 que
877 1882 920 1918 me
936 1869 998 1930 ‚ipse
1019 1881 1102 1926 curo,
1123 1867 1194 1929 quod
1217 1867 1251 1916 ed
1272 1867 1328 1918 vir·

242 1948 380 1997 mittendis
394 1946 549 2008 explicent.)
575 1943 702 2006 intellige
716 1944 765 2006 igi·
802 1951 885 1998 tutem
898 1946 1002 2006 ettinet,
1017 1959 1053 1994 en
1066 1958 1107 2005 ee,
1122 1957 1176 2006 qus
1188 1949 1217 1993 tu
1231 1941 1326 2006 (bomo

242 2025 409 2075 turcoloncs
427 2023 569 2086 partiarios
582 2021 697 2076 liberos,
717 2023 764 2084 qui
802 2023 905 2087 socors)
925 2024 992 2074 colis
1013 2037 1068 2073 rem
1093 2023 1200 2083 metm,
1219 2023 1252 2072 id
1273 2027 1326 2078 eet.

242 2103 293 2168 ipsi
321 2101 537 2164 possessionibus
567 2104 689 2148 ce'rsntes
715 2111 764 2161 pro
802 2104 917 2153 tendum
934 2104 1079 2162 Sebinnm,
1100 2101 1273 2164 praecipuam
1286 2100 1327 2150 ie·

240 2184 314 2230 certe
335 2179 460 2229 mercede
483 2177 526 2228 vel
551 2191 600 2239 pro
625 2182 682 2226 rete
704 2189 764 2238 pro·
802 2181 932 2231 celtetum
959 2194 1084 2231 mearum
1107 2182 1255 2242 pertemtu
1285 2178 1327 2228 si-

240 2264 336 2307 rentus
361 2261 465 2318 perte,‘'
481 2261 510 2304 ut
531 2255 613 2304 etiem
639 2266 713 2305 nune
735 2253 764 2301 fit
802 2259 860 2307 miii
882 2260 1085 2320 comparatione
1105 2259 1189 2308 utitem
1206 2256 1327 2306 Velleius

239 2334 309 2396 epod
324 2335 423 2393 linies,
443 2331 692 2394 quinquepertitum
710 2331 763 2379 llo·
801 2337 833 2395 2‚'
848 2337 901 2385 682
929 2337 1006 2397 petor
1020 2335 1060 2386 Μ,
1080 2334 1173 2385 Caelio
1192 2348 1233 2384 m
1247 2335 1327 2397 sams.

239 2412 300 2462 retit
317 2411 447 2461 Sebinum
466 2410 600 2459 colebant.
639 2408 696 2457 lioc
714 2407 763 2468 ipi-
801 2415 876 2462 lteris
901 2413 981 2475 qudem
1002 2425 1074 2462 mene
1097 2418 1167 2462 erat.
1217 2413 1328 2461 dectior

239 2493 283 2540 tm
302 2489 385 2539 dicit:
416 2489 488 2539 «Nec
510 2492 602 2536 umen
615 2485 761 2550 'praedium
801 2491 868 2540 beec
891 2486 1040 2552 ἀντίθεσις
1062 2490 1197 2552 simulque
1222 2489 1327 2550 simpli·

239 2573 280 2617 est
301 2567 382 2616 nimis
398 2567 542 2627 exiguum,
570 2565 648 2614 cuius
670 2569 695 2612 te
714 2577 762 2626 pu·
800 2568 858 2618 cios
870 2568 939 2617 retto
950 2573 1041 2616 nostre
1050 2567 1156 2616 videtur
1166 2579 1246 2629 quem
1256 2568 1327 2618 Doe-

239 2645 302 2696 dent
330 2646 492 2708 pigeetque;
526 2644 610 2692 immo
640 2643 760 2705 quinque
800 2646 939 2708 ringiene:
961 2650 1071 2692 «utrum
1090 2645 1150 2707 plns
1168 2644 1256 2694 velent
1271 2643 1327 2694 vir·

239 2721 349 2772 familiis
364 2722 456 2784 libetis
476 2726 520 2780 tu,
540 2720 664 2778 servule,
684 2732 760 2781 prae·
800 2729 841 2774 tus
857 2722 962 2772 Horatii
983 2723 1011 2770 in
1030 2721 1194 2784 repellendis
1212 2721 1325 2770 vincen-

239 2799 341 2860 positus
365 2811 395 2847 es
420 2799 454 2846 ed
482 2812 576 2848 eorum
605 2811 687 2858 opere
716 2810 760 2844 ru·
799 2801 894 2862 disque
908 2799 955 2858 iis,
976 2812 1046 2861 queo
1061 2800 1184 2848 animum
1203 2798 1324 2856 turbent,

239 2875 305 2925 stioe
328 2875 502 2936 inspectende
527 2887 559 2924 ec
583 2875 701 2936 regende
733 2877 760 2922 et
798 2891 833 2928 en
855 2878 896 2928 vis
914 2877 979 2935 itta,
1004 2889 1087 2939 qnam
1108 2889 1198 2925 rerum
1222 2876 1326 2926 beben·

238 2952 272 3001 ed
288 2952 407 3001 rationes
426 2953 542 3001 cumbis
562 2949 760 3014 petribusiemi·
798 2957 894 3005 aarum
927 2955 1087 3018 cupiditates
1122 2966 1260 3014 curaeque
1295 2953 1323 3002 tn

236 3027 286 3078 ties
315 3030 475 3091 putandas.»
524 3031 579 3079 Nec
605 3041 669 3078 vero
691 3029 759 3076 beec
798 3033 920 3082 animem
940 3033 1069 3083 hebent.»
1090 3053 1120 3066 -
1139 3027 1245 3092 spinas]
1267 3029 1323 3080 Gir.

236 3111 359 3174 pugnent
377 3121 439 3156 cum
463 3107 518 3156 Set.
538 3107 564 3162 2.
584 3107 610 3164 7,
632 3106 696 3154 118:
717 3119 759 3154 oc·
797 3109 873 3170 lipp„
886 3110 913 3170 2,
933 3109 960 3168 2,
980 3109 1046 3157 212:
1069 3109 1137 3169 Quid
1158 3116 1183 3158 te
1203 3115 1325 3170 meopte

236 3187 426 3248 cedesoperc
445 3199 511 3249 apro
533 3197 621 3234 sono
643 3185 758 3234 Sabino:
796 3187 871 3235 iuvet
887 3187 970 3247 spinis
986 3186 1018 3234 dc
1036 3185 1156 3246 pluribus
1174 3186 1249 3234 ocni
1269 3186 1324 3234 «ln

236 3264 336 3314 etenim
357 3264 384 3312 bi
405 3270 466 3313 octo
488 3265 558 3314 servi
580 3263 660 3312 unice
679 3271 759 3312 occu·
797 3263 984 3312 enuntiatione
1004 3263 1149 3311 coniuncte
1177 3275 1233 3312 une
1252 3276 1321 3323 vox,

235 3340 290 3401 peti
317 3345 394 3390 erent
419 3341 447 3388 in
475 3341 533 3402 ipse
560 3339 665 3392 lloretii
692 3338 758 3388 ville
797 3353 867 3401 quse
889 3345 980 3389 temen
1005 3341 1126 3403 potentis
1149 3341 1266 3390 ducrum
1286 3343 1324 3392 vi·

235 3416 373 3479 hortisque
387 3418 572 3467 ediscentibus
590 3422 659 3474 cet.;
681 3417 759 3478 quin·
797 3430 856 3465 cem
878 3423 972 3478 geret,
1001 3419 1106 3468 ratione
1124 3418 1241 3479 duplicis
1261 3419 1324 3467 sub-

234 3506 287 3556 que
311 3495 401 3544 coloni
426 3508 488 3543 cum
512 3494 623 3542 familiis
646 3508 694 3555 per
718 3499 758 3544 tu·
784 3495 859 3547 tecti
873 3492 1009 3556 duplicem
1022 3497 1104 3544 etiem
1114 3496 1249 3544 sustinere
1263 3507 1323 3546 seu·

233 3571 310 3631 gutia
338 3572 488 3622 bebitentes
513 3583 593 3633 egros
621 3572 756 3621 colebent.
797 3587 856 3624 sirm
876 3585 899 3622 s.
918 3573 1144 3634 significationem
1161 3578 1267 3634 potest,
1294 3575 1325 3622 ut

233 3669 265 3682 -
287 3648 387 3707 Veste,
417 3649 567 3710 «oppidum
596 3649 623 3697 in
649 3649 757 3698 Sabinis
795 3651 839 3699 bio
859 3655 887 3698 et
908 3651 935 3699 in
958 3650 1005 3699 illo
1024 3650 1105 3699 lottlis
1125 3651 1152 3710 ἢ,
1173 3651 1224 3699 ise
1251 3649 1323 3700 Scin·

231 3722 315 3782 olim,
328 3727 488 3776 nuncvices
499 3727 644 3774 imminens
657 3723 756 3774 Anieni
795 3728 847 3776 dite
863 3740 909 3776 cor
925 3734 1039 3777 oestmm
1051 3733 1076 3776 et
1093 3741 1148 3776 eon
1167 3729 1322 3778 vestime

231 3798 265 3847 ed
286 3805 411 3851 octavum
432 3801 551 3864 lapidem
576 3799 646 3850 uttre'
672 3801 757 3849 Tibur
794 3809 908 3853 oestro.»
932 3805 1073 3856 liseeonu.

232 3876 260 3924 tn
291 3877 333 3926 vie
365 3877 506 3928 Valeriam
547 3878 638 3928 eous.
671 3878 754 3936 Ceno.

230 3951 319 4001 Hodie
340 3951 476 4003 i'tcoocro.
741 3953 743 3958 ’
829 3957 855 4006 ti.
886 3955 1013 4020 Lamiae]
1043 3957 1092 4008 list
1116 3959 1146 4006 L.
1170 3957 1268 4009 Aelius
1289 3959 1319 4008 L.

263 4027 289 4076 t.
310 4029 336 4076 5.
376 4027 520 4091 certemus]
551 4027 695 4090 «Agedum
716 4031 754 4082 vi·
793 4035 823 4082 li.
840 4033 948 4093 Lentis,
973 4037 1068 4084 consul
1089 4041 1181 4096 postes
1203 4049 1231 4086 e.
1251 4049 1319 4086 me.
