2842 4808
516 320 757 374 6666666666.
1097 303 1177 377 667

86 453 159 526 Seu
181 475 315 527 eorsum
335 459 479 529 nutavit
499 460 645 547 iniquum
667 461 824 552 frugibus
846 461 953 530 amnis

85 580 219 648 Doctus
238 582 305 648 lter
325 583 639 661 6661166666616116
659 583 753 650 faeta
774 585 959 673 peribunt,

84 700 218 768 Nedum
239 721 427 776 sermonum
449 706 519 772 stet
539 703 648 771 honos
670 707 704 770 et
724 707 838 796 gretie
858 707 972 773 vivax.

83 823 201 890 Multa
222 825 463 909 renascentur,
485 843 571 910 quae
591 827 655 892 iun
677 826 852 908 cecidere,
874 829 1062 916 cadentque
1136 828 1177 888 7⁰

85 941 184 1026 Quae
205 962 295 1012 nune
316 946 452 1012 suntin
473 944 601 1013 honore
622 949 804 1036 voeabula,
825 951 856 1016 sl
876 951 971 1016 volet
992 971 1091 1034 treus,
1181 1015 1186 1026 ,

84 1061 194 1147 Quem
216 1083 322 1152 penes
342 1067 513 1134 arbitrtum
535 1072 589 1134 est
611 1071 646 1135 et
666 1072 719 1136 lus
741 1073 776 1136 et
797 1089 914 1137 norma
934 1073 1102 1158 loquendi.

113 1268 168 1320 111.
205 1283 233 1322 r.
252 1268 297 1320 66.
315 1269 445 1321 mortalia
460 1277 555 1322 eooetu
572 1273 645 1324 eoui.
665 1272 772 1325 ilrmata
789 1288 806 1324 a
824 1270 891 1327 Cod.
912 1274 1044 1329 Galeano.

83 1375 169 1500 Edidv-
199 1389 237 1498 eh
261 1375 307 1429 67.
333 1375 421 1428 Amos
451 1376 518 1430 God.
549 1377 665 1434 Dorvill.
715 1395 740 1434 v.
770 1380 817 1433 72.
844 1388 870 1433 et
899 1385 938 1434 oo
966 1383 1052 1436 codd.
1084 1383 1173 1437 multi.

146 1461 199 1500 .r
238 1481 246 1498 .

85 1606 614 1674 6116666616666666661666661666611
650 1611 735 1664 uitam
760 1627 820 1668 esse
845 1628 977 1679 perquam
1001 1618 1059 1670 veri
1084 1617 1174 1669 simile

83 1695 112 1742 et
144 1689 311 1742 habitabiles
340 1691 491 1753 reddidits
511 1691 612 1743 iniecto
650 1697 701 1742 eet.
724 1717 752 1728 —
782 1694 910 1746 mortalia
933 1696 1006 1759 sueta
1029 1695 1175 1762 peribunt}

84 1781 188 1832 aggere
211 1768 334 1834 lapidum
359 1774 386 1820 et
405 1775 535 1820 16666666
567 1772 613 1821 66-
651 1773 808 1824 «bominum
831 1787 914 1836 opera
933 1773 977 1826 vel
999 1777 1175 1841 magnificen-

85 1847 183 1898 dentee
203 1861 236 1897 ex
256 1846 332 1899 Suet.
353 1847 432 1900 Caes.
451 1848 503 1901 lde
530 1849 613 1899 lolius
650 1851 771 1914 tissima,
791 1854 894 1903 nedum
917 1855 1093 1916 vocabulum
1120 1869 1175 1920 quo

84 1927 186 1978 Caesar
204 1928 302 1979 rioeure
326 1928 482 1992 Pomptinos
502 1929 613 1992 6616666
650 1931 858 1993 epiphonema-te
885 1931 1009 1985 firmatur
1041 1935 1174 1986 sententia

75 2005 275 2058 ‘meditubuton
307 2006 480 2058 Tutelamen
498 2008 611 2070 augusti
650 2022 676 2060 v.
696 2009 741 2060 63.
779 2011 812 2060 16
833 2011 949 2062 Bentleii
975 2013 1176 2064 6666666616

83 2099 153 2149 opus
174 2098 192 2134 a
217 2085 329 2136 nemine
350 2093 493 2150 praeterea
509 2101 613 2138 memo·
650 2093 742 2150 postea
761 2102 776 2138 6
794 2088 860 2140 Cod.
879 2089 939 2140 Gal.
960 2097 1054 2142 ouoeto
1073 2090 1176 2150 tollitur

85 2169 183 2215 ratur:
214 2177 279 2222 uam
304 2166 377 2230 quod
398 2165 505 2217 Schelle
530 2166 613 2216 eonti-
650 2166 798 2228 oppositio,
819 2181 902 2230 quam
919 2168 966 2218 ille
984 2168 1053 2219 salso
1072 2171 1177 2235 vitupe-
1204 2220 1206 2223 ,

84 2244 196 2294 dentius
208 2249 317 2295 narrat:
336 2245 613 2307 «QuodCaesarme
649 2250 708 2306 rat,
728 2245 799 2295 inter
819 2248 893 2310 [oeta
913 2252 940 2297 et
957 2261 1097 2299 sermones.
1142 2249 1175 2300 In

85 2324 187 2374 ditatus
211 2329 287 2381 erat,
317 2324 431 2388 66676611
454 2324 611 2388 Augustus,
650 2323 1175 2378 666.66166661666666666666116-

85 2403 134 2467 qui
153 2402 368 2466 aquaeductibus
386 2404 444 2454 XV.
463 2404 502 2458 M.
521 2405 552 2454 Ρ.
572 2405 613 2455 in·
650 2404 782 2467 terpoloto
796 2405 839 2456 vel
853 2417 960 2455 merum
973 2409 1031 2456 6661
1039 2406 1175 2468 glossema

85 2482 185 2532 stitutio
209 2482 367 2546 Pomptinae
391 2483 504 2547 paludes
529 2485 613 2534 sicea·
650 2483 694 2534 vel
714 2483 828 2535 variatio
847 2484 1003 2534 temeraria.
1030 2510 1063 2520 -
1092 2485 1176 2534 bonor

84 2561 163 2613 vitan
193 2561 368 2626 desumptum
389 2569 430 2614 est
454 2563 611 2624 exsuti,
650 2557 680 2612 otx
699 2559 807 2626 gratio]
839 2561 925 2625 Saepe
956 2563 995 2612 sie
1025 2563 1177 2626 iunguntur

83 2640 110 2697 5,
133 2641 178 2692 11.
200 2654 296 2706 seqq„
328 2642 375 2692 ubi
394 2643 472 2707 polita
493 2643 613 2706 loquitur
649 2641 734 2690 honor
750 2647 776 2692 et
793 2643 903 2706 qratia,
923 2640 1008 2690 bonor
1033 2648 1058 2692 et
1078 2643 1173 2700 deeor,

84 2719 119 2769 de
138 2718 214 2770 iussa
240 2721 389 2782 navigabili
409 2721 513 2773 aForo
531 2719 613 2785 Appii
652 2717 768 2770 thrde
784 2721 850 2769 uod
866 2719 1016 2775 domuit.
1044 2717 1180 2785 Exempla,

84 2812 174 2862 nsque
190 2797 225 2848 66
241 2799 347 2851 Fanum
365 2801 517 2864 Feroniae,
542 2815 612 2866 quae
650 2803 714 2848 eunt
748 2799 777 2849 in
809 2798 911 2848 Raudii
948 2799 1032 2850 Statio
1066 2814 1093 2863 p.
1128 2799 1173 2850 50.

84 2891 110 2927 6.
131 2891 160 2929 6.
181 2891 206 2928 6.
228 2877 290 2930 717.
311 2880 366 2946 ium
380 2880 461 2932 duola
481 2885 557 2944 erat,
579 2893 612 2931 ao
650 2902 678 2915 -
696 2874 761 2941 rtet]
781 2877 1003 2929 «tirmiterduret
1016 2878 1175 2944 stabiliaque
1214 2871 1217 2881 ¹

84 2956 169 3019 igitur
186 2961 324 3022 tempore,
352 2973 407 3023 quo
426 2961 479 3010 boe
499 2961 612 3025 paludes
650 2961 836 3022 permaneat.»
866 2979 899 2992 -
926 2953 1109 3021 reooaeeotor]
1141 2957 1178 3008 Ut

84 3036 208 3087 siccandi
224 3036 370 3088 eonsilium
388 3037 527 3102 Augustus
544 3053 613 3091 uou-
649 3036 794 3087 Frontonis
815 3037 988 3100 potissimum
1006 3042 1095 3088 aetate
1113 3048 1176 3099 666·

85 3115 152 3166 dum
171 3115 275 3178 agitare
293 3121 409 3182 poterat.
650 3115 831 3166 multarerba
847 3115 1061 3178 obsoletaquasi
1079 3117 1173 3178 postli-

650 3193 736 3244 minio
757 3193 786 3243 in
806 3206 962 3244 sermonem
983 3193 1110 3246 latinum
1134 3208 1176 3246 re·

119 3273 236 3324 67-72.
257 3271 395 3340 iniquom]
416 3275 536 3326 «crebris
555 3274 612 3326 elu·
650 3272 767 3323 dierunt.
800 3293 832 3306 -
861 3271 1002 3322 arbitrium
1032 3278 1057 3322 et
1081 3273 1122 3322 ior
1150 3279 1178 3326 et.

84 3352 559 3406 616616666661166666666666
579 3377 611 3390 -
648 3347 762 3414 norma]
791 3350 921 3402 Consulto
946 3350 1068 3400 cumulat
1094 3365 1178 3403 voea-

84 3427 194 3494 omoia]
231 3433 346 3485 Minime
379 3433 613 3498 interpretandum
649 3429 793 3494 bula,quo
806 3430 1177 3480 demonstretneeessarium

84 3523 146 3561 esse
172 3524 236 3582 eum
256 3511 413 3564 Scholiastis
436 3513 470 3564 de
495 3512 613 3564 Velabro
649 3523 727 3571 6666,
757 3513 788 3559 61
807 3509 941 3562 voeabula
958 3521 975 3558 a
995 3509 1112 3571 singulis
1131 3509 1179 3564 vel

85 3590 120 3640 ab
139 3587 263 3654 agrippa
286 3589 403 3654 Augusti
425 3591 501 3642 iussu
525 3591 613 3641 exsie-
649 3587 720 3640 laeta
742 3587 787 3642 vel
811 3588 962 3652 composita
988 3600 1003 3639 a
1026 3591 1175 3639 'consuetu-

85 3673 165 3731 eato,
196 3670 246 3720 sed
271 3670 305 3725 de
333 3683 415 3721 cursu
443 3669 552 3721 ’liberie
577 3670 614 3720 ab
650 3668 714 3719 dine
734 3667 936 3738 approbentur,
965 3667 995 3716 id
1019 3671 1078 3728 est,
1104 3672 1135 3718 ut
1158 3680 1179 3718 a

84 3745 209 3810 hugutio
228 3749 374 3811 aggeribus
393 3753 515 3801 eorreeto
534 3744 613 3811 (teme
650 3746 742 3797 multis
756 3745 830 3798 illico
841 3751 1064 3810 tamquamreetn
1077 3752 1178 3812 etapta
1209 3774 1211 3780 ‚

84 3839 152 3890 pore
166 3827 278 3891 quidem
288 3815 405 3879 etmodo
414 3829 493 3879 nobis
506 3821 610 3890 ignoto)
649 3829 830 3890 usurpentur:
840 3826 1090 3888 arbitrtomeutem,
1102 3827 1176 3892 quod

85 3906 284 3960 demonstravit
306 3893 371 3959 Fen.
408 3907 541 3972 Equidem
558 3907 612 3957 bue
649 3907 793 3956 statuimus
810 3905 888 3956 nulla
903 3918 987 3956 eausa
1005 3904 1103 3964 allata;
1122 3907 1173 3966 iro,

84 3984 237 4036 rettulerim
257 3985 414 4039 eluvionem
432 3990 612 4036 memoratam
649 3983 780 4047 facultas,
799 3998 882 4050 qnam
903 3985 986 4036 ceteri
1004 3983 1075 4034 ultro
1091 3996 1176 4046 agno-

85 4063 136 4115 06.
151 4066 178 4127 1,
198 4064 310 4128 2.,13.,
330 4078 356 4116 6.
370 4079 399 4116 6.
414 4078 439 4115 6.
452 4064 534 4122 736,
552 4068 613 4130 post
649 4068 748 4125 aount3
767 4077 881 4121 66666,
901 4062 944 4114 lex
962 4076 980 4114 6
999 4062 1079 4114 nobis
1099 4062 1177 4122 1616,

87 4157 171 4208 mam
192 4143 300 4198 Tiberia
324 4145 413 4212 ripam
435 4157 535 4210 aggere
553 4157 612 4196 mu·
650 4145 695 4196 eui
710 4144 794 4198 ceteri
811 4145 1010 4208 obtemperant.
1031 4139 1086 4194 Cir.
1105 4141 1176 4208 llpqr.
