2888 4810
263 303 345 376 556
608 325 750 374 nornen
771 325 1010 374 marceacum

264 467 376 534 Verba
396 483 532 532 movere
556 467 649 546 loco,
675 467 826 551 quamvls
846 467 953 530 invito
973 462 1134 530 recedant
1189 465 1192 476 '

262 587 308 652 itt
330 590 510 654 versentur
529 587 639 653 cdliuc
661 588 750 652 intro
771 586 957 670 penetralia
980 586 1115 652 Vestae.

263 707 453 775 obscurato
475 709 531 772 iliu
554 709 677 793 populo
701 709 808 774 bouus
830 709 925 774 eruet
947 710 1049 792 atque

262 827 420 894 Proieret
442 831 475 894 in
496 830 603 895 lucem
624 831 780 913 specioso
801 829 967 894 vocabulo
988 847 1117 911 rerum,
1149 893 1152 898 .

263 947 360 1032 Quae
381 952 500 1034 priscis
522 953 702 1016 memoraie
723 945 908 1016 Catonibus
929 942 1031 1034 atoue
1053 945 1238 1036 Cethegis*

262 1072 469 1164 Nuncsitus
491 1072 641 1136 informis
662 1073 780 1155 premit
804 1077 837 1136 et
859 1069 995 1135 deserta
1016 1073 1192 1154 vetustcs3

264 1191 445 1270 Adscisoet
467 1210 573 1277 nova,
596 1211 679 1278 quae
701 1194 837 1288 genitor
859 1191 1054 1287 produxerit
1076 1210 1168 1258 usus.

261 1411 263 1420 ,
724 1415 729 1420 .
981 1421 987 1430 ,
1026 1405 1037 1436 ‚

266 1476 297 1490 -
316 1449 448 1517 [erector]
468 1453 562 1516 Imago
580 1453 692 1516 repetite
712 1457 752 1504 est
767 1467 785 1502 a
824 1451 949 1518 populi),
966 1453 1011 1502 oui
1029 1453 1125 1502 eadem
1144 1451 1199 1502 diu·
1212 1451 1341 1500 obscurato

265 1532 373 1582 turbida
395 1545 465 1595 aqua
487 1533 632 1591 torrentis,
652 1545 722 1594 quae
744 1545 786 1582 ra·
824 1529 957 1594 (tenebris
978 1531 1109 1594 involuta)
1129 1535 1211 1596 suut,
1231 1533 1339 1578 erueter

252 1611 327 1674 'pido
348 1624 428 1660 cursu
449 1611 552 1670 fertur,
566 1611 786 1682 ‚fluttlutntontc
825 1613 943 1675 antiquis
962 1612 1138 1674 scriptoribus
1159 1614 1240 1672 atque
1259 1609 1340 1658 denuc

265 1688 332 1750 (Sat.
350 1690 375 1749 1,
390 1689 417 1749 b,
429 1687 484 1752 ii.)
520 1690 579 1740 Non
599 1695 689 1740 autem
705 1690 787 1752 signi·
826 1691 1017 1760 consuetudini
1040 1690 1173 1756 reddata
1211 1685 1294 1737 Simul
1311 1685 1340 1734 ei·

263 1765 342 1816 lloat:
358 1768 554 1828 «habebuntur,
569 1769 786 1819 iudicabuntur.»
826 1769 954 1832 gnificat,
983 1783 1064 1832 quern
1087 1769 1120 1817 ad
1146 1781 1227 1817 usum
1248 1764 1339 1828 praeci·

265 1845 310 1896 Sic
336 1848 409 1896 enim
439 1837 652 1909 significandum*
675 1847 787 1909 luisset,
811 1862 879 1912 ,pue
904 1845 999 1910 crebro
1030 1845 1139 1908 legendi
1169 1847 1223 1894 sint
1246 1847 1339 1894 veteres

264 1937 280 1974 a
300 1938 354 1988 quo
374 1927 462 1975 iudice
480 1927 647 1976 reliciantur.
826 1929 922 1991 potitae
940 1927 1039 1986 Latini.
1060 1948 1093 1971 ‹-
1111 1919 1244 1988 speciosa]
1264 1932 1339 1983 nqueo

303 2005 363 2053 113.
374 1998 435 2054 11t‘.
455 2019 555 2055 mouere
569 2002 640 2066 icoc]
660 2007 788 2070 quemad·
826 2007 993 2070 φαντασίαν
1013 2007 1049 2054 ita
1064 2009 1185 2063 movent,
1206 2005 1340 2052 niceriam

264 2080 379 2132 modum
399 2097 496 2133 censor
519 2084 645 2146 indignos
663 2086 788 2134 homines
826 2091 851 2136 et
865 2084 968 2133 claram
985 2086 1110 2148 speciem,
1131 2079 1278 2146 imaginem
1295 2077 1337 2136 rei,

266 2168 361 2211 senatu
379 2162 421 2213 vel
441 2163 511 2212 tribu
533 2168 631 2214 movet.
653 2189 685 2200 —
703 2165 789 2214 incita
827 2178 908 2228 quam
937 2163 1112 2226 significant,
1146 2161 1225 2212 nobis
1256 2171 1339 2222 propo·

264 2238 404 2303 recedunt]
431 2241 495 2291 Sine
517 2242 654 2304 imagine:
674 2244 789 2304 «Quam-
827 2249 921 2292 naut.»
942 2265 972 2277 -
992 2237 1157 2302 memorata]
1179 2253 1263 2303 oquae
1282 2237 1338 2288 clim

265 2319 423 2370 risdisfioile
433 2321 482 2371 tibi
492 2311 615 2372 videatur
623 2322 677 2371 alia
685 2322 788 2384 aptiore
827 2334 964 2385 usurpare
981 2321 1107 2370 nolebant
1123 2325 1257 2371 veteres.»
1276 2313 1339 2362 -b

266 2397 299 2448 iis
314 2400 476 2450 substituere
495 2413 527 2449 ac
544 2406 570 2450 te
591 2401 727 2450 interdum
753 2406 789 2450 ta·
827 2401 865 2452 bl.
883 2399 1010 2451 Cornelio
1028 2398 1148 2460 Cethego
1163 2412 1221 2447 ecs.
1236 2411 1261 2446 a.
1277 2410 1302 2444 n.
1317 2405 1338 2441 o.

266 2477 319 2526 olto
335 2491 448 2530 excuses
468 2480 540 2542 apud
556 2481 678 2529 animum
697 2485 787 2539 tuum,
827 2477 1010 2542 550.·(ll,uoio
1029 2478 1133 2528 Suctlue
1150 2471 1271 2538 medulla)
1290 2473 1337 2524 Cic.

188 2549 206 2600 “.
267 2569 299 2605 ea
319 2558 441 2607 nondum
468 2557 541 2608 edita
565 2571 625 2609 esso
644 2573 696 2610 uec
721 2559 789 2610 iudi·
827 2560 904 2609 Brut.-
923 2557 966 2608 15.
982 2557 1142 2623 Latinorum
1157 2561 1290 2606 oratorum
1304 2564 1338 2600 se·

266 2635 309 2684 cio
342 2637 452 2698 publico
482 2639 621 2700 exposite,
662 2640 795 2701 quocirca
827 2639 895 2687 riom
912 2636 1030 2694 orditum
1052 2635 1237 2700 quemstatim
1254 2628 1339 2692 excipit

264 2714 448 2776 negligentiae
469 2717 576 2779 culpam
598 2719 744 2768 nemodum
761 2719 789 2766 in
826 2717 865 2778 lii.
890 2715 1001 2765 Porcius
1029 2715 1094 2764 Cato
1124 2712 1273 2778 Censorius.
1290 2709 1337 2758 sire

266 2797 292 2842 te
311 2793 435 2844 conferre
452 2800 561 2856 queat.»
582 2821 611 2831 -
632 2795 701 2845 Cum
713 2809 789 2858 penc-
824 2797 947 2858 priscam..
968 2781 1150 2856 Cethegorum
1166 2799 1256 2842 autem
1273 2785 1338 2838 lami·
1409 2793 1410 2802 ¹

264 2871 377 2920 trcltbua
402 2878 493 2924 autem
521 2874 628 2929 Vestae.
661 2875 688 2922 in
719 2888 789 2937 quac
827 2875 863 2924 lia
885 2874 999 2932 humero
1021 2879 1125 2922 exserto
1146 2872 1275 2933 etoinotn
1292 2866 1337 2916 sin·
1409 2937 1410 2940 Ἴ

265 2950 371 2998 nemini
395 2951 507 3001 introire
524 2965 614 3014 nequo
633 2963 676 3002 res
698 2965 788 3004 sacras
827 2953 916 3015 gulari
937 2953 982 3002 diu
1001 2951 1167 3018 antiquitatis
1180 2949 1337 3013 speciemrt-
1409 2949 1410 2960 ¹

265 3027 304 3078 ibi
324 3035 474 3080 asservatas
498 3031 597 3080 intueri
618 3031 717 3081 licebat
737 3019 789 3080 nisi
826 3033 915 3082 tinuit.
930 3031 963 3080 Α.
976 3031 1007 3080 Ρ.
1021 3031 1066 3080 ts.
1086 3039 1116 3066 -’
1135 3027 1215 3092 sitas]
1235 3027 1336 3078 Sabim·

266 3106 423 3170 Virginibus
456 3110 624 3171 Vestalibus,
652 3115 791 3174 comparat
826 3111 900 3166 mel,
932 3109 1065 3176 iliodori
1087 3108 1154 3159 Tib.
1177 3108 1209 3168 1,
1235 3106 1279 3160 10.-
1299 3103 1334 3153 50.

266 3189 433 3245 carminum,
448 3191 556 3251 singula
585 3192 687 3250 verba,
723 3196 790 3257 tam·
829 3190 892 3258 oqui
908 3202 953 3238 res
968 3202 983 3238 a
1001 3201 1030 3238 se
1044 3184 1175 3242 obductas
1191 3185 1335 3252 dolomate

265 3279 348 3329 quam
368 3268 391 3316 si
411 3281 455 3318 res
473 3274 564 3319 essent
584 3283 716 3330 arcanae,
744 3284 790 3318 ou·
829 3291 859 3303 -
879 3267 999 3328 deamo]
1019 3268 1070 3316 «ab
1086 3266 1213 3316 omnibus
1231 3263 1281 3312 iam
1298 3270 1336 3307 ut·

264 3347 379 3397 aloditae
399 3349 484 3397 cclcc
503 3344 790 3412 (usqueadbocte'm-
827 3347 943 3408 glecta.»
969 3367 1002 3384 -
1027 3342 1118 3408 occu]
1150 3345 1200 3396 «ab
1224 3344 1278 3406 ipsc
1300 3335 1336 3388 vol

266 3425 339 3487 poris
363 3423 504 3490 puuctum)
530 3427 558 3476 in
582 3429 663 3478 domo
683 3430 788 3496 poetae,
828 3425 861 3475 ab
883 3425 944 3476 aliis
965 3425 1001 3473 ita
1018 3424 1154 3493 laetagut
1175 3424 1278 3487 linguae
1294 3418 1335 3467 la·

265 3503 405 3555 Musarum
432 3506 590 3560 sacerdotis.
622 3533 651 3543 -
683 3503 788 3568 Vestae]
828 3506 904 3555 tinae·
928 3504 1084 3565 analogiam
1115 3508 1284 3566 sequantur.»
1307 3513 1335 3530 ·

266 3583 313 3631 old
332 3589 387 3642 est,
413 3583 504 3644 (lomi,
538 3598 587 3647 per
605 3597 687 3648 quam
706 3591 790 3635 mota·
826 3579 1039 3649 genitor-ocus]
1067 3582 1216 3654 Singularis
1239 3579 1335 3651 flocti·

266 3662 379 3724 choram
400 3664 538 3723 ostendit,
564 3664 629 3714 licet
650 3665 790 3714 inanimo
827 3663 914 3728 λογὶα
932 3675 979 3725 oro
1000 3662 1059 3710 bia:
1080 3674 1166 3726 cquae
1181 3657 1289 3710 simulac
1303 3650 1334 3699 la·

256 3744 358 3790 rnostro
368 3741 587 3803 (incrementat,
601 3749 692 3792 tamon
702 3743 790 3797 erola·
828 3747 870 3790 cta
893 3746 973 3800 sunt,
1002 3741 1036 3788 ab
1055 3741 1180 3790 omnibus
1202 3733 1333 3800 approbata

265 3819 355 3870 <lenda
373 3833 461 3870 esse.»
492 3821 604 3872 'Ponam
688 3823 693 3828 '
826 3819 1059 3882 usurpantunita
1074 3824 1103 3868 ut
1116 3819 1150 3868 ab
1162 3817 1226 3880 ¹ipsis
1238 3814 1332 3872 linguae

256 3935 260 3940 .
301 3899 449 3950 115-119ι
487 3895 647 3960 Obscurum]
682 3898 789 3949 «Poeta
829 3898 982 3962 primordiis
1003 3899 1033 3948 in
1054 3897 1246 3950 cousuetudine
1263 3890 1332 3940 striise

260 3977 365 4039 bonne,
386 3977 489 4038 idest,
510 3976 790 4028 benevolusaolibe·
829 3979 999 4030 videantur.»
1269 4031 1272 4036 ¹

266 4056 349 4118 ralis,
377 4045 515 4117 obsoleta,
543 4056 728 4118 sedspeoiosa
748 4070 789 4108 re·
863 4057 1010 4108 tac-123.
1051 4051 1194 4122 Vebomeos]
1214 4064 1258 4116 por
1272 4042 1331 4110 slli·

266 4148 328 4184 rum
354 4133 489 4187 voeabula
505 4136 607 4198 *popolo
635 4131 683 4198 (in
710 4149 789 4191 usum
827 4136 901 4190 zesin
919 4137 947 4188 in
963 4137 1112 4204 spondeum
1131 4131 1261 4186 coalescit.
1279 4125 1330 4174 Pas·
1409 4129 1410 4172 ζ
