2856 4782
260 303 340 373 140
617 325 759 372 uenaru
779 324 981 372 sartnanun

257 463 330 530 Nec
349 461 490 529 redeant
511 463 628 528 iterum
649 467 751 548 atque
774 464 891 530 iterum
912 461 1100 549 spectanda
1120 463 1272 532 theatris.

258 583 395 672 Arguta
416 586 590 650 meretrice
612 586 711 669 potes
732 585 896 669 Davoque
918 585 1096 652 Chremeta
1298 581 1339 642 4⁰

257 693 426 770 Elud'eute
446 722 559 770 senem
582 706 684 770 comis
704 705 835 792 garrire
857 705 989 771 libellos

258 821 355 889 [inus
376 824 544 906 vivorum,
566 823 737 909 Fundani3
757 824 867 890 Pollio
888 845 1005 914 regum

257 939 364 1010 Facta
388 947 478 1010 canit
500 944 586 1028 pede
609 947 662 1009 ter
683 963 861 1030 pereuss03
882 945 973 1010 torte
995 964 1080 1029 epos,
1099 963 1179 1014 acer
1287 989 1291 994 -

261 1062 308 1130 Ui
330 1084 425 1130 nemo
448 1067 571 1130 Verius
591 1064 698 1151 ducit3
721 1066 818 1130 molle
840 1069 940 1150 atque
963 1067 1106 1132 facetum

311 1218 333 1266 Ι.
370 1231 395 1268 v·
415 1217 460 1267 11.
482 1218 577 1268 Verius
594 1219 659 1267 dicit
677 1217 705 1267 S.
726 1218 813 1268 Vama
831 1212 892 1282 (alc)
912 1219 990 1269 doctu
1008 1220 1035 1269 b.
1057 1220 1308 1272 Vceiuadoetumc.

297 1313 334 1362 ll.
372 1327 399 1363 v.
418 1313 463 1364 ld.
485 1315 598 1363 Varios:
616 1315 696 1363 doctu
713 1314 790 1363 molle
809 1313 839 1364 C.

256 1410 333 1531 cldVd.
370 1425 397 1528 ἶ.
417 1410 462 1460 11.
481 1411 608 1461 illudente
628 1424 711 1462 amm
731 1412 824 1468 cumb,
843 1413 947 1476 perstre
960 1411 1059 1464 libellos
1067 1413 1180 1464 Kircbn.
1200 1414 1243 1465 lb.
1262 1428 1344 1466 cornu

278 1493 294 1530 o
334 1515 341 1529 .
361 1491 426 1542 arq.
701 1511 704 1516 -

256 1605 296 1656 De
313 1607 394 1656 domo
406 1606 511 1669 privata
525 1619 579 1669 quo
597 1607 687 1657 minus
700 1607 781 1656 inter·
820 1619 882 1656 cnm
898 1606 1048 1668 nonnullis,
1067 1612 1138 1659 vetat
1150 1608 1194 1660 rel
1207 1609 1267 1672 ipsa
1283 1623 1343 1659 cae·

258 1691 410 1748 pretemur,
432 1690 505 1736 vetat
517 1699 573 1734 non
586 1685 675 1734 solum
695 1701 722 1736 r.
740 1698 781 1734 ao·
820 1698 900 1744 sura3
921 1686 1039 1747 etquid,
1059 1699 1170 1748 quaeso,
1190 1688 1342 1738 suntlibeili

255 1769 336 1822 nent,
357 1764 511 1822 sedetiam,
531 1765 604 1826 quod
617 1765 781 1814 nihilomni·
819 1763 877 1811 siue
897 1763 954 1811 ullo
975 1762 1099 1830 ἐπιθέτῳ
1120 1765 1173 1814 uisi
1191 1766 1343 1814 causidico·

257 1854 293 1890 uo
312 1842 443 1890 attinebat
459 1841 614 1908 siguificare
631 1843 659 1890 in
680 1844 779 1902 domo,
819 1853 894 1900 rum,
915 1841 1168 1904 quadruplatorum,
1187 1843 1342 1906 supplican-

256 1932 313 1968 non
326 1920 376 1967 sub
390 1919 449 1977 dio,
469 1919 594 1969 recitatas
603 1932 663 1968 esse
676 1919 780 1970 fabulas
819 1918 886 1967 tium
899 1921 1110 1969 commentarii?
1136 1919 1215 1970 Certe
1229 1935 1286 1972 non
1299 1935 1342 1972 co·

257 1997 285 2048 in
294 2003 433 2046 certamen
443 1998 541 2046 missas
550 1998 638 2046 iudice
648 1997 695 2060 sp.
708 1998 781 2050 blae-
819 1997 953 2046 moediae.
991 1997 1100 2047 Garrire
1116 2004 1206 2064 autem
1225 2004 1267 2048 est
1288 2012 1342 2048 ser-

159 2133 164 2140 ,
256 2076 299 2126 cio
312 2075 416 2137 Tarpa,
436 2088 542 2124 summo
556 2075 666 2125 illorum
679 2080 781 2139 tempo·
818 2088 900 2124 mone
908 2076 1077 2138 quotidiano,
1091 2077 1209 2139 eleganti
1219 2078 1341 2139 quidem,

256 2169 317 2205 rum
336 2154 431 2203 critico
445 2152 489 2217 (Α.
502 2155 533 2203 P.
552 2151 645 2218 387.),
665 2155 709 2204 cui
726 2156 780 2204 iam
819 2152 865 2202 sed
879 2153 963 2214 sacili,
983 2153 1022 2203 uti
1036 2154 1065 2202 iu
1082 2155 1288 2206 conscribendis
1305 2156 1342 2205 ia·
1421 2185 1422 2192 κ

255 2232 335 2284 aCn.
346 2232 475 2294 Pompeio
485 2233 585 2294 Magno
599 2246 625 2282 a.
640 2247 667 2282 u.
678 2247 703 2283 c.
717 2234 779 2285 699.
818 2232 901 2282 bulis.

257 2309 325 2376 (Cic.
339 2312 373 2362 ad
386 2311 503 2372 Fami,
518 2312 544 2360 1.
564 2311 643 2361 aliter
657 2312 780 2362 iudicans
852 2310 983 2360 19-14.
1020 2307 1161 2372 Fundani]
1188 2310 1218 2361 C.
1237 2312 1343 2363 Funda-

257 2405 339 2454 quam
347 2391 489 2441 Horatius:
504 2391 532 2439 in
540 2388 657 2455 theatro)
666 2398 743 2442 erum
750 2405 781 2442 eo
818 2389 880 2438 nius
897 2389 1143 2451 praestantissimus
1163 2390 1242 2451 podta
1259 2391 1343 2440 comi·

254 2471 437 2534 perpetiendo,
458 2483 524 2533 quoe
540 2470 635 2520 addest
648 2469 695 2532 sp.
709 2472 780 2523 Mae·
818 2481 865 2518 cus
879 2464 968 2530 (cuius
982 2473 1074 2518 tamen
1089 2480 1124 2516 ne
1141 2481 1211 2516 unns
1231 2469 1342 2530 quidem

147 2559 150 2568 ’
255 2551 310 2599 cina
321 2545 517 2611 medovicum)
537 2548 642 2598 Horatii
659 2553 780 2612 tempore
818 2547 967 2597 versiculus
980 2551 1103 2610 superest
1115 2559 1167 2595 nec
1184 2547 1343 2607 Quinctilio·

255 2639 272 2678 a
298 2627 415 2678 Caesare
448 2626 596 2696 Octauiano
626 2639 689 2674 cum
718 2626 779 2676 aliis
818 2638 869 2674 uus
886 2625 1002 2675 eiusvel
1020 2621 1341 2687 unorerborneminitt)
1420 2631 1421 2698 J

194 2715 197 2722 ·
255 2707 376 2768 quinque
391 2705 524 2754 iudicibus
542 2717 607 2754 cura
623 2704 780 2755 iudicanda·
818 2709 844 2753 et
864 2704 1030 2754 Maecenatis
1048 2705 1153 2755 amiens
1175 2700 1248 2766 (Sat.
1268 2706 1296 2766 2,
1315 2704 1340 2764 8,
1420 2699 1421 2753 l

255 2798 316 2834 rum
334 2783 488 2833 tabularum
503 2795 535 2831 ac
547 2783 694 2832 mimorum
707 2796 779 2832 com·
818 2779 874 2846 19.)
888 2787 952 2831 tuno
971 2783 1120 2850 excellebat
1140 2783 1169 2832 in
1193 2784 1341 2832 comoediis

255 2862 338 2912 missa
348 2865 421 2915 erat,
441 2873 511 2923 quae
524 2860 577 2908 nisi
589 2861 624 2910 ab
637 2861 670 2910 iis
683 2862 779 2923 proba·
818 2861 851 2910 ad
860 2861 1018 2917 Menandri,
1036 2860 1219 2921 Philemonis,
1239 2862 1341 2924 Diphili

255 2945 364 2998 rentur,
385 2939 414 2987 in
427 2951 537 2987 scenam
551 2951 606 2988 uon
621 2938 780 2988 deserebam·
818 2939 940 3002 exempla
961 2940 1172 3002 componendis,
1197 2939 1341 3002 inquibus

256 3022 310 3067 tur.
338 3017 413 3066 llaec
429 3016 509 3066 tradit
525 3016 617 3068 Cotta.
631 3017 715 3076 Cnuo.
741 3017 779 3066 lia
818 3019 980 3079 praecipuae
990 3022 1080 3079 partes
1093 3022 1171 3067 eraut
1180 3017 1341 3078 callidarum
1419 3035 1420 3050 .

256 3108 321 3146 cura
341 3099 421 3144 antea
449 3094 536 3144 suerat
556 3095 700 3153 aedilium;
731 3095 778 3144 sed
817 3096 1053 3146 meretricularum
1067 3101 1273 3159 astutorumque
1287 3111 1341 3148 ser·

254 3175 386 3226 intererat
403 3173 560 3233 Octaviani,
579 3186 614 3222 ne
631 3175 778 3237 quidquam
818 3188 913 3225 vorum
943 3189 1022 3224 senes
1053 3177 1271 3238 emungentium.
1310 3176 1340 3227 C.

254 3266 305 3318 per
321 3254 419 3302 mimos
442 3252 603 3315 praesertim
621 3253 650 3302 in
672 3253 779 3303 civitate
817 3253 978 3304 Tvnnaruvs
1000 3254 1028 3303 in
1053 3255 1172 3302 nummis
1192 3253 1262 3304 alius
1286 3261 1340 3316 est,

255 3333 589 3395 «cunctainterpretanlen
603 3326 777 3394 (Tacitllist.
817 3335 944 3396 quaestor
966 3344 991 3380 a.
1012 3345 1038 3380 u.
1057 3345 1081 3381 c.
1096 3332 1174 3389 621„
1204 3347 1283 3382 socer
1302 3333 1340 3383 lt.

254 3411 281 3471 il,
298 3407 355 3474 91.)
375 3411 482 3473 publice
503 3408 686 3473 proferretur,
706 3411 778 3474 quod
817 3410 938 3459 Terentii
961 3409 1101 3460 Varronis.
1123 3435 1151 3446 -
1175 3408 1280 3473 Pollio]
1311 3412 1340 3463 C.

253 3489 284 3538 in
302 3490 386 3551 ipsius
405 3489 618 3539 dominationem
635 3502 668 3538 ae
688 3501 778 3538 mores
815 3486 926 3537 Asinius
938 3486 1040 3548 Pollio,
1059 3493 1165 3548 orator,
1184 3489 1340 3550 historicus,

254 3567 374 3628 maligue
390 3567 545 3631 detorqueri
563 3572 664 3630 posset.
817 3567 895 3628 podia
923 3566 1052 3627 tragicus.
1089 3566 1121 3615 V.
1144 3565 1194 3616 Od.
1214 3568 1240 3627 2,
1263 3569 1289 3616 1.
1312 3591 1342 3632 ',

288 3643 397 3694 1911.
433 3641 552 3708 deputo]
582 3648 728 3704 «astula‚n
751 3649 779 3692 ut
816 3656 905 3708 repom
917 3640 1006 3707 facto]
1025 3645 1089 3707 quia
1099 3645 1238 3708 tragoedia
1246 3659 1341 3708 regum

255 3721 371 3784 lippi,
395 3722 437 3782 ld,
457 3722 507 3772 to:
526 3729 637 3787 orpotea
655 3723 723 3771 colo.
745 3744 776 3757 -
816 3721 919 3771 heroici
948 3724 1078 3786 temporis
1111 3724 1232 3774 facinora
1261 3729 1342 3789 atque

254 3801 378 3863 Davoque
399 3799 551 3864 Gbremeto]
575 3813 707 3863 personae
723 3798 778 3848 An·
815 3799 1017 3850 vicissitudines
1044 3815 1179 3863 exponere
1208 3802 1288 3852 solet.
1310 3828 1342 3837 -
1417 3829 1418 3854 ;

256 3879 330 3928 driae
347 3879 537 3930 Terentianae.
557 3902 586 3915 -
606 3874 704 3939 cumb]
731 3891 778 3927 an·
813 3879 877 3939 pede
895 3885 935 3928 ter
948 3877 1087 3942 percaute]
1109 3881 1283 3940 «Tragoedia
1298 3881 1343 3930 tri·
1417 3877 1418 3884 ’

255 3956 329 4018 tique
338 3969 387 4018 pro
398 3970 494 4017 cocus,
516 3956 632 4005 «hilares
646 3960 728 4018 atque
740 3954 778 4006 le·
816 3957 909 4006 metris
930 3958 1054 4008 versibus
1073 3956 1211 4022 (senariis)
1232 3959 1290 4010 iere
1304 3965 1343 4010 te·

257 4034 363 4098 pidet.»
393 4035 452 4086 Non
474 4039 514 4084 est
533 4034 647 4086 vocatir.
666 4034 737 4095 sing.
750 4047 776 4085 r.
815 4035 914 4085 uitur.»
936 4035 1029 4086 Corra.
1043 4036 1127 4096 Cano.
1157 4039 1271 4088 Tibicen
1295 4053 1342 4088 au-

255 4113 491 4172 Fundanorum,
518 4125 554 4163 ne
573 4113 613 4164 aie
634 4113 778 4176 iungamus
816 4117 870 4164 tem
883 4114 911 4162 in
932 4113 1046 4178 siugulis
1066 4116 1182 4178 dipodiia
1200 4117 1270 4180 pede
1282 4131 1342 4180 per·
