2920 4792
533 315 598 360 lul!-
619 313 655 360 ti.
698 313 771 360 ΕΔΤ.
792 315 826 360 V·

134 454 256 520 Plures
275 451 449 518 adnabunt
472 452 588 518 llrunni
612 457 645 518 ei
668 453 794 520 oelarla
816 456 980 520 crescent.

133 571 174 640 Si
196 577 249 642 eui
273 578 448 658 praeterea
470 573 604 640 validus
625 575 710 640 mule
732 573 817 640 lilius
838 575 872 638 ln
892 591 931 638 re
999 637 1002 646 Α
1076 594 1080 606 ·

133 695 316 760 Praeclara
337 695 490 760 sublatus
511 694 636 769 aletur,
660 713 702 760 ne
724 695 933 760 manifestum

133 816 282 882 Caelibis
306 816 496 899 obsequium
519 815 621 880 nudet
643 817 697 894 te,
719 816 840 881 leniter
862 819 895 880 ln
916 834 1010 900 apem

131 936 274 1020 Adrepe
297 935 484 1021 oitioiosus,
506 939 543 1000 ut
566 940 600 1001 et
621 937 770 1002 scribare
792 934 960 1002 seeundns

186 1101 233 1152 tv,
271 1115 297 1151 v.
317 1100 363 1150 18.
399 1103 439 1150 uti
455 1101 570 1152 sambore
590 1101 739 1152 lleindorlli
758 1115 832 1164 susp.

131 1223 225 1289 Voss.)
245 1226 317 1274 Furii
328 1225 425 1284 inisse,
444 1230 481 1285 ut,
501 1230 574 1288 puta,
594 1239 657 1275 eum
694 1226 769 1277 Pera.
788 1228 816 1285 1,
836 1227 886 1276 ab:
906 1227 953 1277 Est
963 1241 1047 1290 prope
1064 1233 1088 1278 te
1101 1227 1215 1292 ipnotnn

130 1307 168 1355 do
187 1305 323 1354 Ariovisto
344 1304 431 1354 aliove
449 1303 567 1354 boatium
588 1305 658 1356 duee
694 1306 780 1356 eublto
792 1306 838 1370 pai
851 1313 954 1371 tunput·
969 1331 1001 1344 -·
1016 1304 1118 1370 tiranni]
1133 1311 1219 1357 nater·

131 1388 236 1444 ageret,
252 1395 379 1444 eumque,
394 1395 447 1444 quo
461 1382 658 1443 gratificaretur
694 1385 777 1433 vatim
791 1390 895 1434 natant.
907 1384 1022 1448 Oppian.
1035 1384 1097 1434 llai.
1109 1386 1135 1444 3,
1148 1385 1216 1436 6313

130 1462 254 1517 Caesari,
274 1467 385 1524 propter
401 1461 576 1511 voracitatem
598 1461 657 1511 bar·
693 1459 793 1526 Πολλὴ
816 1457 841 1512 d'
863 1457 1053 1528 ἕκνιαγλόςτο
1074 1463 1217 1532 παρίστα-

131 1540 200 1589 baro
214 1540 324 1601 dignam
335 1540 508 1601 deprimeret.
529 1539 572 1588 Sio
583 1540 656 1588 enim
694 1553 742 1588 ται
760 1537 965 1600 ἰχθυβόλοισιν
977 1534 1078 1608 Upper,
1097 1535 1141 1590 ὅτ’
1158 1541 1217 1590 eia·

131 1618 221 1667 solent
245 1619 329 1679 inepti
348 1617 518 1675 laudatores,
545 1622 574 1666 ut
593 1619 657 1667 seri·
684 1614 776 1688 ,ρινός
788 1615 904 1668 θύννων
917 1616 1044 1688 στρατὸς
1062 1612 1219 1688 ὁρμήσων-

131 1701 192 1758 ptor
211 1695 257 1745 ille
278 1696 422 1745 historiens
444 1696 515 1759 apud
542 1695 656 1746 Luciam.
694 1709 750 1745 ναι.
797 1695 845 1744 llis
868 1696 950 1758 igitur
972 1694 1114 1758 bomparat
1136 1709 1216 1746 senes

130 1775 166 1824 de
178 1775 314 1824 conscrib.
328 1775 391 1824 bist.
406 1773 455 1823 14:
474 1769 592 1835 Ἀχιλλεῖ
600 1775 656 1838 μὲν
694 1771 798 1832 stultos,
819 1775 865 1837 qni
883 1773 1055 1836 heredipetae
1074 1774 1156 1825 veluti
1170 1773 1217 1822 ha-

113 1848 185 1914 ,τόν
211 1848 355 1922 ἡμέτερον
382 1846 516 1922 ἄρχοντα
543 1849 654 1916 εἴκαζε,
694 1865 738 1901 mo
763 1851 921 1915 capiuntur:
942 1867 994 1916 qua
1013 1853 1215 1915 imaginemus

128 1931 258 2001 Θερσίτῃ
274 1929 305 1980 δὲ
325 1929 378 1981 τὸν
396 1929 452 1980 τῶν
471 1929 592 1998 Περσῶν
604 1931 657 1992 βα·
693 1935 734 1979 est
743 1931 824 1982 etiam
836 1926 947 1982 Luoian.
959 1933 1030 1982 Tim.
1041 1933 1089 1982 22:
1104 1926 1217 1994 αὐτοὺς

129 2007 229 2067 uuida,
243 2004 299 2058 οὐκ
312 2005 408 2069 εἰδώς,
426 2002 473 2058 ὅτι
486 2001 503 2057 ὁ
517 2003 657 2070 Ἀχιλλεύς
694 2005 868 2072 (captatores)
895 2004 913 2061 ὁ
935 2007 1044 2075 θύννος
1064 2007 1098 2060 ἐκ
1115 2007 1217 2075 μυχοῦ

128 2081 259 2149 ἀμείνων
284 2079 323 2150 ἦν
348 2079 442 2152 αὐτῷ,
473 2087 500 2136 εἰ
526 2084 656 2153 ’Ἕκτορα
692 2087 745 2152 τῆς
756 2085 891 2154 σαγήνης
907 2087 1059 2154 διέφυγεν,
1080 2083 1136 2139 orla
1155 2084 1215 2137 ὀλί-

129 2161 243 2227 μὰλλον
257 2158 278 2228 ἤ
289 2163 435 2230 Θερσίτην
448 2162 581 2234 καθῄρει.
598 2163 656 2214 Ka·
692 2179 746 2230 γον
767 2163 800 2216 τὸ
822 2165 923 2236 δέλεαρ
943 2163 1104 2216 καταπιών.
1126 2189 1157 2200 ·-
1176 2179 1215 2214 ee·

130 2240 252 2304 κοζηλία
272 2247 363 2290 autem
383 2255 445 2290 euru
468 2243 532 2291 insit
552 2243 579 2292 in
600 2247 655 2290 toto
693 2240 776 2304 torio]
795 2249 923 2308 κητεῑαι,
942 2245 1112 2306 receptacula
1131 2257 1215 2306 prope

129 2319 269 2378 membro,
290 2325 405 2381 augetur
429 2319 552 2386 ’ἐπιθέτῳ
572 2333 655 2382 prope
693 2323 869 2380 illustrioris,
889 2322 935 2370 ubi
949 2323 1045 2384 thunpi
1059 2335 1123 2372 vere
1152 2319 1216 2384 (Op-

129 2398 216 2448 oiioso
232 2399 328 2460 pinpui
337 2434 345 2453 ‚
369 2411 416 2460 pro
434 2411 487 2460 quo
505 2399 552 2446 oili
572 2399 656 2448 diota·
693 2401 767 2463 pian.
783 2400 802 2448 i.
816 2400 851 2448 l.:
867 2399 998 2470 εἰαρινοῦ
1011 2397 1086 2464 μετὰ
1100 2397 1215 2449 λύσσαν

130 2489 190 2526 rum
229 2476 315 2524 luisse
355 2477 494 2525 Horatium
533 2477 656 2539 auspicor
692 2473 736 2530 ὅτ’
760 2474 941 2548 οἰστρὴσωσι
969 2473 1114 2542 γάμοιο·)
1143 2475 1215 2538 capti

131 2551 193 2616 (eir.
214 2555 282 2618 Epp.
297 2556 323 2610 1,
338 2555 380 2612 15,
395 2555 443 2604 35:
470 2556 580 2616 patinos
601 2569 655 2604 coe·
692 2557 868 2615 enitebantur,
877 2568 951 2604 non:
967 2555 1079 2604 vivaria.
1090 2553 1216 2603 Cimlliit·

128 2633 213 2682 nubut
234 2634 333 2688 omasi,
358 2633 419 2681 Vilia
440 2639 464 2682 et
488 2635 615 2696 opilione:
625 2631 653 2695 );
693 2637 761 2697 liger
774 2634 916 2684 Auralibea
929 2635 955 2684 2.
976 2647 1002 2696 p.
1024 2633 1084 2682 308.
1108 2657 1138 2667 -—
1159 2630 1216 2679 sub·

131 2724 225 2761 verum
240 2716 351 2774 propter
361 2712 433 2760 buno
444 2713 530 2773 ipsum
543 2712 655 2773 ineptia·
693 2710 773 2775 tutus]
794 2713 913 2771 «Patres,
934 2713 955 2764 ai
976 2711 1045 2764 lilios
1066 2709 1116 2759 sibl
1138 2715 1216 2758 natos

130 2804 190 2840 rum
213 2791 354 2839 cumulum
370 2790 656 2841 meliusiuservitl-‘u-
693 2793 766 2842 alere
787 2793 902 2850 vellent.
930 2805 976 2841 eos
997 2790 1073 2840 humi
1096 2790 1216 2838 iacentes

129 2870 171 2919 rio
188 2873 299 2933 propter
308 2869 468 2918 edacitatem
480 2883 587 2931 quoqne
598 2867 655 2918 irrl·
694 2874 721 2921 in
741 2885 829 2933 genua
847 2871 941 2920 tollere
963 2875 990 2920 et
1008 2867 1152 2931 complecti
1175 2881 1218 2916 so·

130 2949 235 3005 deud03
264 2949 285 2996 is
306 2948 381 2996 euim
403 2948 540 2996 Bibaculus
558 2955 655 3001 eierat
693 2947 1215 3010 lennensinollennexponiiubebant.

129 3033 155 3077 at
166 3027 312 3076 uocabatur
332 3023 413 3088 (Plin.
429 3027 463 3075 ll.
478 3027 510 3077 N.
524 3023 654 3090 Praelat.)
693 3029 768 3090 Virg.
782 3029 851 3077 Aen.
867 3029 893 3085 a,
910 3027 975 3076 2¹2:
1003 3026 1061 3075 Non
1073 3025 1113 3074 itu
1124 3037 1164 3072 noe
1176 3035 1218 3088 pe·

130 3105 224 3168 quidni
235 3105 322 3154 aliero
335 3104 417 3154 etlam
432 3104 497 3154 vitio
507 3104 655 3156 laborarit?
692 3107 765 3156 nttor·
776 3132 787 3142 -
799 3131 810 3142 ·
823 3105 961 3155 Sublatam
974 3105 1097 3152 erudiit.»
1126 3101 1215 3152 Lana.

130 3183 186 3232 Alii
196 3184 305 3246 quidem
316 3182 428 3232 lloratlo
439 3184 490 3232 boe
502 3184 655 3233 membrum
695 3208 725 3219 -
740 3179 861 3244 Cnelibia]
880 3183 924 3231 Sto
937 3180 1152 3236 suostantiam,
1170 3179 1216 3240 qui

129 3263 280 3312 tribuentes
296 3263 433 3310 doronem
452 3266 603 3324 sequuntur
620 3261 655 3309 ita
694 3275 805 3312 uxorem
819 3261 861 3311 vel
873 3265 958 3308 morte
969 3259 1059 3307 amisii
1073 3256 1117 3306 vel
1129 3257 1218 3306 divor-

130 3342 373 3403 inlerpretantem:
394 3341 517 3401 «potitam
529 3339 656 3388 immania
696 3342 760 3392 tium
775 3353 837 3387 cum
856 3351 887 3386 ea
901 3337 976 3385 tecit.
992 3359 1024 3370 —
1043 3331 1133 3395 nudet]
1155 3332 1218 3381 nde·

131 3421 266 3476 ventrium
282 3418 389 3469 nulium
404 3422 494 3476 tanuen
503 3417 656 3480 exemplum
695 3420 796 3477 stituat,
817 3417 927 3466 astutias
945 3420 1005 3463 tuas
1023 3413 1158 3475 aperiens,
1178 3413 1218 3458 tu·

130 3497 265 3556 afferunt,
290 3509 345 3558 qno
364 3497 477 3558 probent
490 3509 607 3544 omasum
620 3495 658 3544 di-
696 3511 747 3560 que
765 3495 936 3545 ercludare.»
958 3515 988 3527 -
1007 3493 1037 3539 in
1053 3485 1134 3551 spem]
1155 3487 1220 3536 ‹the-

132 3583 202 3626 etum
217 3589 280 3628 ease
295 3575 338 3625 vel
352 3575 405 3624 diei
419 3575 542 3636 poluisse
556 3588 604 3636 pro
613 3574 659 3623 ab·
696 3575 837 3626 radendi.»
851 3570 997 3621 Taadnu,
1007 3569 1032 3629 1,
1042 3569 1073 3618 8:
1088 3569 1219 3632 Aupnatna

133 3655 245 3704 dmnine.
268 3652 375 3715 (quen.
395 3653 422 3710 d,
443 3652 494 3702 107
502 3668 509 3704 r
519 3665 522 3674 '
533 3653 659 3704 Montani
695 3655 724 3702 in
740 3665 811 3715 apem
824 3650 962 3701 secundnm
974 3654 1078 3710 nepotes
1088 3658 1219 3709 pronepo-

134 3747 232 3796 puopue
248 3739 340 3786 uenter
357 3732 432 3780 odeat
449 3732 585 3781 abdomine
604 3736 659 3779 tur*-
696 3737 791 3793 terque,
812 3729 890 3778 tertio
909 3728 998 3791 produ
1013 3727 1142 3788 primores
1159 3725 1220 3773 etoi-

134 3809 203 3874 ὀνο.)
216 3813 321 3863 'Nostra
334 3815 429 3859 eontra
442 3809 584 3872 explicatio
596 3822 659 3859 con·
697 3811 761 3858 tutia
776 3809 926 3870 scripserat.

136 3891 206 3951 gruit
227 3889 431 3940 consuetudini.
463 3883 534 3938 Pliri.
557 3887 659 3948 Panog.

135 3965 661 4033 llil:(Domitianuslontemediumdiano
731 3965 862 4014 tii-ui.
900 3960 1017 4025 adrepe]
1048 3961 1166 4010 «sensim
1194 3962 1221 4006 et

135 4047 543 4101 distentnaaolitoriueoenu.
699 4049 776 4092 eante
801 4044 828 4111 ip
855 4043 927 4092 senis
954 4041 1164 4089 familiaritatem
1194 4039 1219 4084 te
1306 4099 1311 4106 Ι

169 4125 294 4176 ta-lit.
332 4125 420 4174 nubite
439 4130 553 4174 stantem
569 4121 660 4185 prope]
701 4123 836 4171 insinua.»
856 4113 1148 4177 Cio.l'err.2,il‚tl⁸:
1168 4125 1222 4160 non
