2928 4794
181 323 184 331 ¹
238 285 344 360 294,
601 307 738 354 nonsrn
761 305 960 353 sariaaeuu

218 447 339 524 ‚Adde
361 443 424 512 hos
447 452 622 532 praeterea
645 465 759 530 casua,
781 447 899 514 aulaea
921 444 1019 508 rurant
1041 443 1091 521 si,

239 567 288 634 Ut
310 567 420 652 modo;
442 571 470 631 si
493 570 638 653 patinam
662 566 748 651 pede
770 568 884 652 lapsus
907 565 1043 651 frangat
1065 580 1181 648 agaso

241 685 313 756 Sed
336 690 566 755 convivatoris
589 689 635 751 uti
650 687 754 756 ducis
776 689 943 774 ingenium
966 703 1022 749 res

240 809 420 902 Adversae
443 807 569 876 nudare
591 808 718 890 solent,
739 809 851 888 celare
873 805 1052 874 sectrndae.

239 928 442 994 Nasidienus
463 929 506 995 ad
529 928 628 994 hacc:
652 929 724 994 'l'ilri
747 928 798 1012 di,
821 941 1037 1012 quaecunque
1061 925 1224 1009 pretoria,
1280 918 1319 980 75
1452 901 1453 910 ἵ

241 1045 420 1115 Commoda
442 1043 538 1114 dent!
561 1051 608 1117 ita
629 1051 682 1113 vir
705 1051 811 1114 bonus
833 1067 870 1112 es
892 1049 1103 1130 convivaque
1125 1045 1240 1110 enoris.
1323 1026 1327 1035 ¹
1351 1033 1354 1040 ’

241 1169 288 1232 Et
310 1171 422 1234 soleas
443 1171 563 1257 poscit.
607 1170 688 1235 Tum
711 1171 855 1246 inlecto
879 1186 1009 1260 quoque
1031 1165 1168 1240 videres

241 1283 395 1354 Stridore
416 1294 549 1356 secreta
572 1288 704 1357 divisos
720 1309 801 1356 eure
823 1308 987 1358 susurros

239 1412 359 1478 Nullos
381 1411 440 1477 his.
454 1412 581 1476 mallem
604 1410 701 1476 ludos
722 1414 913 1496 spectasse3
930 1409 995 1482 sed
1017 1411 1074 1480 illa

240 1533 360 1599 Redde
381 1551 464 1622 age,
486 1553 571 1620 quae
593 1533 753 1616 deinceps
775 1534 887 1598 risisti.
930 1530 1083 1598 Vibidius
1105 1529 1182 1594 dum
1282 1525 1328 1586 80

241 1650 381 1743 Quaerit
403 1654 445 1720 de
468 1658 599 1740 pueris,
622 1675 697 1722 nram
719 1656 763 1718 sit
786 1671 917 1752 quoque
941 1653 1049 1718 tracta
1071 1653 1212 1739 lagena,

294 1831 316 1881 1.
354 1846 380 1881 r.
400 1831 445 1880 75.
462 1831 580 1898 proceda
598 1843 622 1878 c.
661 1843 686 1880 v.
706 1829 750 1879 8l.
771 1829 883 1894 tupoeuu
902 1839 926 1875 e.

242 1985 374 2034 Videlicet
391 1985 419 2033 in
437 1985 479 2033 his
495 1986 622 2033 omnibus
639 1989 764 2047 peccarat
801 1985 873 2042 cels,
894 1983 967 2032 domi
989 1983 1070 2032 soleis
1091 1983 1237 2033 utebantur
1256 1983 1322 2040 viri3

241 2063 415 2124 Nasidienus,
435 2077 504 2125 pane
519 2065 624 2122 adusto,
645 2059 763 2134 (ἠνθρα-
801 2062 909 2112 easdem
932 2061 960 2110 in
985 2061 1180 2111 discumbendo
1205 2062 1324 2124 depone·

156 2175 159 2180 n
241 2137 394 2208 κισμένῳ),
414 2142 473 2190 iure
486 2155 567 2204 prava
581 2143 690 2192 conditu
703 2155 764 2191 eru·
791 2141 880 2199 'bant;
901 2140 1036 2202 depositas
1050 2153 1158 2192 servum
1172 2141 1259 2202 poscit
1273 2141 1324 2190 Ne-

242 2221 296 2280 eis,
317 2220 413 2280 innlis,
434 2221 517 2268 illatis
537 2221 656 2280 echinis,
685 2221 763 2271 mini·
801 2220 930 2277 aldionas,
951 2211 1026 2268 nt'de
1040 2233 1126 2268 coena
1139 2224 1232 2282 surgat
1249 2221 1324 2268 iulia·

157 2341 159 2344 .
243 2298 304 2352 stris
332 2297 446 2347 ridicule
474 2299 570 2348 cinctis
593 2303 621 2348 et
638 2299 761 2361 comptis,
801 2303 881 2360 atque
918 2299 1074 2360 praeparari
1113 2301 1323 2357 mazonomum‚
1362 2320 1366 2326 ·

241 2377 528 2442 aulaeoparuminlto
546 2384 597 2426 cet.
620 2363 650 2412 -’-
670 2373 762 2442 apaan]
800 2390 873 2438 qno,
901 2377 1040 2438 deperdita
1063 2377 1175 2440 pulvere
1197 2390 1322 2435 murena,

242 2466 362 2516 «servus,
377 2455 555 2519 quiinmeata
571 2459 677 2504 curat.»
696 2455 762 2506 Aea.
802 2455 928 2506 convivas
953 2456 1064 2505 soletur.
1095 2455 1184 2506 Plant.
1210 2453 1323 2504 Trucul.

240 2535 412 2595 Nasidienus,
427 2540 455 2584 ut
469 2547 763 2584 servornmnumeram
800 2534 827 2592 2,
846 2533 873 2591 4,
895 2533 942 2583 12:
969 2534 1030 2583 cedo
1049 2535 1133 2590 solem
1151 2533 1228 2592 milon
1260 2535 1325 2582 Pro·

187 2625 189 2628 ⁴
240 2618 361 2674 angeret,
381 2615 470 2680 ipsum
484 2625 591 2682 qnoque
604 2625 762 2674 agasonem,
797 2617 899 2671 puato,
914 2612 1013 2675 nasute
1021 2625 1146 2660 mensum.
1161 2626 1186 2662 v.
1201 2611 1246 2661 16.
1266 2613 1325 2660 lam

239 2692 379 2742 hominem
398 2692 466 2741 adeo
482 2704 627 2751 scaevum,
648 2697 763 2742 utamo-
800 2689 878 2739 rediit
901 2691 1021 2747 anomoe-
1052 2689 1122 2738 deme
1137 2689 1235 2745 soleas,
1264 2691 1324 2738 cedo

145 2787 148 2791 ·
240 2780 307 2825 vens
320 2768 428 2826 aulaea,
452 2759 697 2831 quaececiderant‚
719 2783 764 2832 pa·
799 2767 895 2815 troam.
925 2791 956 2802 -
984 2769 1013 2815 tu
1037 2769 1100 2817 tecto
1125 2765 1242 2836 quoque]
1275 2769 1325 2816 Re-

241 2847 326 2896 tlnam
345 2846 492 2906 frangeret,
507 2847 567 2895 illis
586 2854 760 2910 aggregarat;
801 2851 874 2894 moto
900 2846 1012 2896 domino
1032 2860 1135 2896 coenae
1159 2846 1324 2897 nouaclum

242 2924 322 2984 idque
343 2923 472 2973 Servilius
492 2926 619 2974 odoratus
641 2931 708 2976 erat.
730 2952 761 2962 -
799 2925 965 2975 Maecenatis
982 2927 1111 2981 comites,
1130 2927 1323 2976 verumetiam

240 2998 351 3067 muare]
366 3003 544 3072 «patefacere,
560 3003 714 3066 detegere.»
730 3030 760 3041 -
799 3003 846 3052 imi
859 3003 921 3052 lecti
940 3005 1049 3066 parasiti
1069 3005 1142 3054 iocos
1156 3005 1189 3054 de
1208 3003 1323 3054 ridiculo

241 3077 300 3126 rtet
325 3077 371 3140 di]
403 3093 434 3128 ex
457 3083 651 3152 consuetudine
671 3085 762 3147 qnoti—
800 3093 864 3129 casu
890 3081 916 3130 in
939 3095 1033 3131 aurem
1058 3083 1179 3145 proximo
1208 3084 1323 3146 quisque

203 3197 205 3202 .
240 3155 331 3220 diana.
368 3157 456 3208 Plani.
477 3159 604 3220 Asini,
623 3163 649 3221 1,
672 3162 715 3210 32.
736 3166 762 3211 et
800 3159 1324 3223 insusurrabant;quominnsineliusos

240 3237 299 3290 iiii.
318 3237 387 3298 glor.
405 3237 433 3296 4,
452 3237 479 3296 2,
495 3238 539 3294 lid.
577 3239 673 3289 Ditilii
689 3241 759 3295 deut,
799 3239 870 3288 risus
891 3244 1074 3302 erumperent,
1096 3239 1325 3290 velabatitlaeee·

238 3328 402 3378 quaecuuque
419 3322 500 3377 optes.
521 3315 605 3366 Stich.
625 3318 650 3378 3,
668 3317 694 3379 2,
712 3318 760 3366 15:
799 3317 869 3366 natis
884 3319 1047 3378 praesentia,
1069 3320 1144 3368 cuins
1158 3319 1276 3380 dignitas
1289 3331 1324 3367 ne

237 3392 306 3442 rma
325 3399 404 3456 utque
423 3396 504 3444 amice
524 3397 597 3444 dicis.
647 3395 681 3444 nt
700 3397 762 3444 deut
799 3408 890 3443 coram
900 3397 1011 3456 parochi
1024 3397 1108 3447 servis
1125 3396 1324 3459 periclitaretur

238 3482 305 3533 puae
322 3473 395 3521 cetu.
425 3496 456 3506 -
480 3466 603 3536 precarii]
624 3475 761 3524 Balatroni
799 3474 950 3524 cavendnm
970 3479 1037 3524 erat.
1069 3499 1097 3510 -
1126 3473 1237 3537 uideres]
1262 3476 1323 3526 Non

211 3577 212 3580 =
238 3553 323 3610 optat,
343 3563 398 3598 nun
418 3563 487 3612 qnae
506 3565 579 3601 nnnc
593 3553 681 3614 ipsum
696 3553 761 3602 deos
801 3557 841 3600 est
869 3553 986 3614 positum
1017 3567 1066 3616 pro
1093 3553 1266 3614 «audires»,
1294 3557 1323 3602 ut

234 3631 360 3697 precetur
379 3623 460 3688 (nilril
481 3627 581 3692 enim);
612 3631 658 3678 sed
680 3643 761 3691 qnae·
798 3630 940 3679 videbatur
961 3629 1109 3692 Lambino,
1138 3632 1200 3681 sed:
1233 3632 1327 3680 adum·

237 3701 346 3764 mnqne
372 3703 427 3753 alie
449 3707 544 3768 quovis
565 3709 687 3768 tempore
707 3705 761 3754 ior·
799 3713 949 3770 susurrant,
964 3711 1072 3770 videres,
1091 3710 1155 3759 bina
1168 3710 1258 3772 capita
1271 3709 1323 3759 sihi

238 3780 307 3828 ellan
323 3781 430 3842 proceri
449 3786 543 3844 possit.
582 3783 652 3832 Hine
674 3783 700 3831 li.
723 3783 758 3843 1.,
799 3785 915 3835 invicem
936 3789 1183 3851 appropinquare.»
1205 3809 1236 3823 -
1255 3786 1324 3838 stri·

237 3861 266 3916 ut
284 3866 435 3910 monstrant
453 3862 535 3910 etlam
555 3860 609 3910 loci
630 3861 758 3922 Plautini,
797 3860 866 3925 dere]
893 3865 961 3916 Nota
988 3866 1186 3927 sigmatismnm
1211 3867 1251 3932 in=
1270 3869 1323 3917 lruc

237 3936 759 3999 coniunctiruspraelerendasesthand
798 3930 877 3990 versu
897 3943 1021 3993 consulto
1040 3945 1192 4006 quaesitum
1218 3945 1253 3994 ad
1279 3957 1323 3994 ex·

235 4025 384 4086 pancorum
397 4015 481 4064 Codd.
496 4015 652 4069 indicativo.
687 4021 690 4024 '
798 4019 953 4080 primendus
971 4033 1102 4072 susurros.

194 4106 197 4112 ·
268 4090 314 4154 77.
328 4091 372 4140 78.
404 4091 487 4139 soleas
501 4089 596 4154 poscit]
616 4093 693 4144 Foris
706 4094 760 4145 cal·
832 4095 945 4148 stt-87.
984 4097 1079 4163 liedda]
1107 4096 1205 4150 «ileier
1223 4101 1319 4151 mini.»
