2856 4782
250 309 328 380 146
605 325 746 370 nonaum
768 321 967 367 santernum

250 473 335 536 Men
358 471 490 532 moveat
513 468 618 530 cimex
641 459 822 541 Panthiae,
845 463 902 524 aut
925 459 1051 522 cruciet
1074 454 1162 538 quod

251 591 393 654 vellicet
417 589 586 650 absentem
612 583 814 662 Demetrius,
837 583 894 642 aut
917 575 1004 661 quod
1025 579 1160 656 ineptus
1259 623 1264 632 x

251 710 399 772 Fannius
422 704 645 790 Hermogenis
667 700 779 764 laedat
801 701 948 763 conviva
969 686 1119 782 Tigelli?
1291 685 1332 746 80

250 827 381 891 Plotius
403 830 434 888 el
460 824 597 901 Varius,
619 820 804 884 Maecenas
825 817 1068 903 Virgiliusque,
1425 801 1426 810 ³

250 946 393 1031 Valgius
415 947 449 1006 et
472 942 590 1024 probet
612 939 695 1003 haec
718 935 882 1002 Octavius
904 936 1047 1018 optimus
1069 937 1168 1015 atque
1258 987 1263 990 .
1300 977 1303 980 -

249 1064 380 1128 Fuscus
403 1065 436 1125 et
460 1056 543 1124 haec
565 1062 688 1122 utinam
711 1057 883 1120 Viscorum
907 1053 1021 1117 laudet
1043 1045 1197 1135 uterquc!

251 1183 442 1246 Ambitione
464 1181 615 1264 relegata
638 1182 672 1240 te
695 1176 807 1240 dicere
829 1193 978 1256 possum,
1425 1255 1426 1260 γ

249 1301 374 1380 Pollio,
396 1303 447 1383 te,
470 1297 637 1373 Messala,
659 1299 716 1358 tuo
740 1313 811 1358 cum
834 1295 939 1356 fratre
961 1293 1122 1374 simulque
1289 1285 1330 1346 85
1425 1291 1426 1386 l

809 1502 813 1509 A

301 1529 322 1577 l.
361 1523 398 1588 (v.
418 1527 462 1576 78.
482 1527 591 1575 Habent
608 1526 703 1573 cruciet
722 1519 796 1584 bSc.)
833 1537 859 1571 v.
879 1521 923 1569 81.
945 1521 1029 1569 Varus
1048 1521 1074 1567 b.

287 1650 323 1699 11.
362 1666 388 1701 v.
408 1649 452 1698 78.
472 1650 570 1699 maiar
589 1647 665 1698 LCT.

247 1830 282 1878 rit
307 1827 434 1878 maledici
456 1827 587 1887 ineptias:
621 1823 769 1893 ἐκαρτέρει
807 1825 939 1887 primores
960 1823 1091 1880 civitatis,
1123 1823 1328 1881 Maecenatem,

247 1905 284 1958 τὰ
297 1903 328 1967 ἐξ
339 1902 552 1962 αὐτούττοίντα,
572 1900 707 1966 δήγματα
719 1897 769 1949 xo·
806 1903 930 1950 Asinium
950 1901 1102 1950 Pollionem
1125 1898 1191 1964 (Οά.
1213 1901 1246 1960 2,
1269 1898 1328 1962 1.),
1425 1893 1426 1924 ³

248 1997 322 2053 ρεωτ
343 1979 396 2042 τὰς
412 1980 444 2028 ἐκ
465 1978 521 2028 τῶν
543 1977 686 2028 τοιούτων
711 1977 768 2028 λοι·
806 1980 966 2039 Messalam,
1005 1979 1076 2027 inter
1114 1980 1216 2027 amicos
1254 1992 1329 2027 meos
1425 2029 1426 2040 γ

247 2059 348 2128 ὃορίας
360 2057 466 2106 καλῶν.
495 2057 591 2106 lauans
612 2056 642 2104 L.
656 2057 724 2104 Ven.
739 2070 766 2117 p.
806 2071 965 2106 enumero.»

248 2136 309 2186 aaa.
331 2158 362 2169 ·-
382 2131 541 2194 Demetrias]
562 2134 633 2181 idem
647 2133 768 2181 modula·
840 2136 884 2184 85.
904 2134 948 2182 86.
985 2131 1087 2196 fratrc]
1117 2133 1149 2194 Q.
1173 2133 1256 2182 Pedio
1279 2133 1329 2182 Po·
1425 2159 1426 2186 i

246 2216 305 2270 tor,
338 2225 418 2272 quem
441 2211 531 2261 r.18.
557 2213 659 2259 riarium
679 2216 766 2261 vocat.
806 2212 914 2274 plicola.
951 2211 1018 2259 Vide
1031 2223 1111 2272 supra
1124 2226 1149 2260 v.
1168 2210 1212 2257 28.
1235 2235 1264 2244 —
1286 2211 1330 2258 Bi·
1425 2237 1426 2248 i

247 2288 417 2338 constructio
440 2293 530 2338 autam
550 2289 618 2336 haec
636 2294 690 2336 est:
710 2301 768 2336 mea
806 2286 876 2350 balo]
897 2289 940 2338 Sic
954 2289 1048 2350 scripsi
1069 2303 1131 2336 cum
1153 2289 1275 2344 liureio,
1295 2287 1328 2338 Ν.
1425 2297 1426 2352 l

245 2373 347 2414 moveat
365 2365 588 2414 aberrantium
600 2370 648 2413 aat
662 2367 766 2419 cucata,
806 2367 934 2425 Heinsio,
971 2366 1112 2423 Bentleio‚
1150 2364 1327 2413 Heindorlio:
1425 2353 1426 2434 J

245 2443 324 2501 illud,
338 2443 484 2505 qaodcet„
506 2456 574 2490 non:
594 2455 652 2489 mea
664 2435 773 2490 moveat
804 2445 905 2493 etenim
927 2458 1058 2508 perquam
1076 2444 1272 2492 inconcinnum
1293 2443 1330 2493 ri·
1425 2435 1426 2488 l

245 2521 313 2582 quod
334 2533 356 2567 a.
375 2521 505 2568 Pantilius
524 2527 572 2567 aar
591 2532 652 2567 men
674 2520 768 2566 cruciet
805 2523 884 2570 delur
909 2523 977 2570 hoo:
1011 2535 1095 2579 noos,
1124 2517 1211 2582 (duo)
1240 2521 1329 2570 Bibali
1425 2543 1426 2592 ᾗ

243 2599 312 2658 quod
325 2595 358 2644 D·
373 2599 502 2646 abisalom
518 2597 625 2644 vellicet.
650 2615 678 2628 -
698 2595 767 2642 Fan·
806 2595 928 2660 (nomen)
939 2607 963 2648 at
974 2596 1132 2660 (leonum),
1153 2599 1225 2647 Servi
1240 2595 1328 2660 (prae

244 2675 303 2720 aius
317 2673 477 2732 Quadratus,
490 2667 688 2733 polita'ineplus
698 2668 764 2732 (sat.
805 2673 926 2738 nomon.)
947 2677 1073 2726 Bibulum
1095 2677 1137 2726 vel
1151 2676 1264 2725 Bibulas
1283 2691 1328 2725 vo·
1425 2679 1426 2738 ξ

245 2751 270 2803 1,
281 2749 308 2806 lo,
318 2745 375 2810 ι11.)
385 2749 413 2797 h.
424 2750 443 2796 l.
453 2749 632 2808 Hermogenis
646 2747 764 2808 Tigffllii,
803 2753 863 2801 lunt
875 2767 934 2802 esse
946 2755 984 2804 M.
999 2755 1137 2816 Calpurnii
1153 2754 1243 2802 Bibuli
1263 2766 1329 2802 con·
1425 2741 1426 2808 l

244 2825 362 2873 hominis
376 2839 462 2886 aequa
476 2825 600 2882 molesti,
620 2826 764 2886 parasitus.
804 2830 869 2878 sulis
892 2845 954 2879 cum
975 2831 1090 2880 Caesare
1112 2845 1136 2878 a.
1161 2845 1188 2878 u.
1210 2844 1235 2878 a.
1263 2829 1326 2880 695.

278 2903 402 2950 81-81.
439 2899 560 2962 Plotius]
580 2904 637 2950 lam
655 2915 765 2950 enume-
803 2907 1038 2957 filinmrellilios.
1075 2897 1213 2957 litamen
1231 2913 1328 2956 notan-

242 2983 285 3026 rat
305 2979 397 3039 poiilas
417 2981 575 3027 recentioris
594 2981 671 3040 quasi
688 2980 765 3028 scho—
803 2987 867 3033 dum
889 2999 914 3034 a.
934 3000 961 3034 u.
981 2999 1005 3034 c.
1019 2986 1081 3034 723.
1098 2991 1152 3035 tros
1172 2986 1327 3034 cortesius
1425 3027 1426 3038 ,

242 3053 300 3113 lae,
321 3055 370 3103 sibi
385 3056 486 3104 amicos
500 3069 531 3104 ao
550 3058 650 3118 peritos
669 3057 766 3105 carmi·
803 3062 872 3110 lilios
893 3063 1036 3111 exstinctos
1053 3063 1146 3112 luisse.
1185 3062 1241 3112 Cir.
1255 3062 1328 3111 Ono-

242 3144 310 3180 num
322 3133 436 3182 iudices.
473 3133 512 3182 De
533 3134 618 3183 Plotio
638 3140 664 3182 et
684 3136 764 3183 Vario
802 3141 933 3195 masticon
944 3140 1201 3189 meumTullianum
1215 3141 1243 3188 in
1258 3139 1324 3189 uh.
1425 3165 1426 3194 l

242 3221 268 3260 r.
284 3209 338 3256 Sat.
354 3209 379 3268 1,
393 3209 420 3269 5,
433 3209 477 3274 io.
501 3211 529 3259 T.
546 3212 652 3274 Valpias
668 3213 762 3275 Rufus,
802 3217 963 3278 Calpurnius
978 3216 1089 3264 Bibulus
1104 3232 1130 3277 p.
1145 3219 1205 3265 121.
1220 3241 1254 3250 -
1267 3215 1327 3264 Ser·
1425 3251 1426 3280 3

241 3287 319 3347 poeta
330 3286 423 3346 epicos
433 3291 459 3334 et
469 3287 619 3348 elegiacos,
634 3288 668 3336 ad
682 3280 763 3350 quem
791 3296 857 3342 roias
881 3293 952 3342 lilius
976 3293 1091 3358 loriasse
1121 3294 1179 3343 Ser.
1210 3293 1325 3354 Sulpicii
1425 3287 1426 3340 i

241 3367 282 3410 err
303 3361 353 3410 oo.
377 3363 402 3417 a,
424 3364 450 3413 o.
483 3364 543 3412 rio.
561 3365 588 3424 a,
609 3367 634 3423 1,
649 3366 709 3414 rso.
731 3390 762 3400 -
800 3371 860 3418 nuo
881 3370 951 3429 rori,
982 3372 1106 3421 tribunus
1128 3372 1166 3434 pr.
1189 3384 1215 3419 a.
1241 3384 1271 3438 ιι.
1299 3385 1323 3418 0.
1425 3357 1426 3432 l

240 3439 362 3486 Octavium
387 3441 465 3499 polita
492 3445 519 3488 et
542 3441 701 3501 historicus,
733 3443 761 3491 in
800 3447 878 3506 706„
898 3449 945 3508 qui
966 3448 1152 3511 philosophiae
1172 3453 1199 3496 et
1220 3448 1325 3496 artibus

239 3515 317 3562 cuius
327 3522 489 3570 morlemest
498 3517 604 3578 Virgilii
617 3518 760 3568 Calahll.
799 3523 957 3572 liberalibus
982 3539 1093 3585 operam
1121 3525 1211 3574 dabat.
1233 3548 1265 3558 -
1294 3525 1323 3574 G.
1425 3559 1426 3578 r

237 3587 276 3652 (v.
290 3592 321 3640 5:
342 3592 446 3654 Scripta
459 3597 560 3656 paidom
578 3603 625 3644 tua
636 3598 761 3643 aor‘mal-
798 3601 913 3649 Faraiar
938 3602 1133 3650 «historiarum
1152 3601 1206 3650 lide
1223 3606 1251 3650 et
1269 3602 1324 3650 ele-

237 3674 292 3718 tam
309 3670 464 3719 mirabimur
476 3679 500 3720 et
512 3678 536 3720 te
545 3673 660 3734 Raptam
674 3678 698 3720 at
712 3673 760 3720 lio·
798 3677 888 3736 gantia
907 3678 1031 3728 claruit.»
1057 3680 1148 3730 Coum.
1163 3678 1248 3736 Cano.
1272 3679 1323 3727 Te·
1425 3673 1426 3694 ³

234 3757 342 3795 martam
354 3745 469 3810 {labimur
485 3746 645 3808 historiam.)
664 3749 760 3797 Fuscus
798 3758 836 3800 sle
855 3755 958 3804 Seneca
977 3757 1010 3804 de
1023 3756 1116 3806 Benef.
1134 3751 1160 3816 Ξ,
1175 3757 1227 3806 25:
1245 3760 1323 3819 patri
1425 3779 1426 3820 l

235 3819 349 3870 Aristius
365 3823 462 3878 Sat.,1‚
485 3826 511 3882 9,
529 3825 573 3872 61.
603 3825 670 3872 Visci
688 3825 757 3874 ibid.
781 3829 960 3880 Aaronom
966 3839 1058 3894 parter
1066 3842 1152 3882 secuto
1161 3835 1233 3896 apud
1243 3835 1322 3884 Octa·

207 3911 261 3955 xv.
275 3899 319 3946 22.
333 3898 656 3962 -Ambilioaeralepata]
678 3901 759 3950 «Pro·
795 3907 905 3955 vianum
928 3910 1031 3958 oeaiant
1051 3913 1213 3970 impetravit.
1245 3911 1322 3959 Inter
1359 3943 1364 3948 -
1425 3907 1426 3968 l

234 3974 279 4021 cul
292 3975 412 4036 prolecto
431 3977 526 4044 absum
545 3989 561 4023 a
579 3977 693 4036 gloriola
714 3991 757 4026 ca·
794 3983 842 4030 hos
870 3984 975 4033 Horatii
1000 3987 1102 4036 amicos
1132 3989 1321 4037 desideramus
1425 4001 1426 4016 ¹

233 4053 348 4112 ptanda,
377 4065 439 4106 cum
463 4065 528 4114 uos,
558 4053 587 4102 iu
607 4055 650 4104 his
675 4055 755 4107 eliam
794 4059 932 4108 Tibullum
948 4063 1172 4126 etPropertlum:
1192 4066 1321 4115 hicnun-
1425 4073 1426 4138 ζ
