2928 4794
261 327 342 392 330
374 353 380 372 ·
422 375 427 386 .
597 337 737 394 nuncin
760 338 998 393 coisnonnntnt

260 483 298 551 Si
322 459 416 550 noles
437 504 553 564 sunus,
576 503 692 550 curres
714 485 933 570 hydropicus3
955 490 990 550 et
1013 486 1044 548 ni

260 579 388 670 Posees
410 609 488 669 ante
511 605 595 670 diem
617 607 734 671 librum
757 625 830 672 eum
852 607 990 688 lumine,
1013 608 1041 670 si
1065 623 1131 669 non
1157 603 1158 608 ’
1304 601 1350 663 35

261 724 421 789 lntondes
441 727 581 789 antimum
603 726 723 790 studiis
745 729 780 789 ei
801 727 902 814 rebus
916 725 1088 810 honestis,
1170 743 1174 751 ’

260 845 392 910 Invidia
413 847 468 910 vei
491 865 602 911 amore
624 848 707 934 vigil
732 848 941 930 torquebere.
984 847 1067 910 Nom
1090 863 1165 932 cur,

313 1040 335 1088 l.
375 1037 412 1100 (v.
430 1039 475 1101 34.
494 1039 604 1100 ¹tiubem
623 1040 692 1088 notes
705 1051 813 1088 -curres
834 1037 907 1102 hSc.)

301 1145 337 1194 n.
376 1161 400 1194 v.
420 1144 465 1194 at.
484 1144 553 1192 notu
571 1144 645 1193 cnr.
873 1127 875 1130 ’

257 1275 281 1370 *F
291 1252 336 1300 1v.
374 1265 400 1300 v.
421 1251 464 1300 ao.
486 1251 554 1299 notu
572 1275 604 1288 --
622 1264 695 1316 euro
714 1227 797 1300 cono.
819 1250 883 1314 utiq,
921 1265 946 1301 vt
968 1251 1011 1300 en.
1032 1250 1147 1302 coruom
1165 1251 1249 1302 eona.
1273 1253 1344 1317 seq.

229 1363 230 1370 .
283 1335 341 1370 efle-
436 1331 438 1335 ’

261 1473 332 1536 apud
357 1473 478 1522 Grotium
501 1472 624 1536 Excerpt.
649 1472 729 1534 Trag.
753 1487 780 1536 p.
818 1475 953 1522 ocimum.-
977 1471 1084 1535 Siquid
1099 1481 1136 1522 ost
1153 1465 1344 1530 coimum;·ita

260 1552 326 1602 567:
343 1545 437 1613 Ὅστις
456 1546 595 1618 ἀγοράζει
612 1548 728 1614 πτωχὸς
740 1545 782 1603 oio
819 1558 847 1601 ut
867 1551 974 1602 interna
992 1551 1062 1600 mala
1085 1553 1126 1600 his
1149 1554 1346 1615 comparentur

261 1625 344 1694 ὄψον
371 1625 463 1688 πολὺ,
484 1655 532 1667 --
557 1627 623 1693 Τῆς
651 1627 782 1691 νυκτὸς
819 1645 881 1680 cum
900 1631 1028 1680 externis.
1050 1654 1079 1664 -
1099 1629 1204 1692 curros]
1226 1627 1270 1680 «st
1294 1637 1344 1680 suv
1382 1645 1386 1651 ·

260 1699 351 1769 οὗτος
365 1703 448 1768 τοὺς
460 1701 694 1768 ἀπαντῶντας
705 1713 784 1757 ποιεῖ
818 1711 891 1759 doris
905 1710 1048 1772 impatiens
1068 1710 1144 1758 notes
1158 1724 1240 1759 sonus
1259 1725 1343 1760 cursu

259 1783 395 1850 Γυμνούς
411 1781 543 1846 ἅπαντας
561 1782 621 1834 κτλ.
644 1807 672 1820 -
693 1785 781 1842 deite-
819 1788 1038 1838 interdnmrites
1055 1793 1115 1837 tuas
1129 1801 1271 1847 exercere,
1294 1790 1343 1838 sed

259 1863 317 1925 cto]
345 1878 385 1925 pr.
407 1858 486 1911 ocum
502 1874 556 1911 nor
569 1862 724 1930 etiamnunc
741 1868 781 1912 est
818 1866 891 1915 domi
913 1868 1020 1916 otiosus,
1036 1868 1113 1916 sedes
1138 1871 1164 1916 ei
1189 1869 1343 1928 graecaris,

263 1949 325 1990 ante
355 1942 551 2003 gallicinium.»
575 1976 578 1980 ,
597 1938 706 1988 Terent.
728 1939 778 1989 Ad.
818 1945 979 2008 hydropicus
999 1946 1147 2008 aliquando
1162 1952 1277 2008 propter
1295 1947 1343 1994 de-

257 2021 285 2080 5,
299 2021 326 2080 3,
341 2021 388 2070 55:
422 2022 473 2069 iius
497 2029 556 2069 orus
579 2031 635 2066 cum
660 2018 714 2082 filio
739 2019 780 2068 ibo
818 2023 914 2072 sidiam
942 2021 1043 2081 iectus,
1076 2037 1090 2072 u
1119 2023 1224 2072 medico
1250 2025 1342 2072 iussus

257 2101 344 2159 primo
375 2099 434 2148 luci.
465 2099 503 2149 Μ.
537 2099 618 2146 immo
648 2097 678 2145 tie
707 2104 781 2147 nocte
818 2115 928 2161 curres,
951 2112 1012 2150 eum
1030 2101 1078 2150 tibi
1101 2102 1180 2162 tonge
1198 2102 1341 2150 molestius

259 2190 357 2226 censeo.
599 2193 600 2198 ¹
817 2181 895 2228 erit.»
945 2180 1014 2229 Cois.
1038 2181 1064 2238 3,
1090 2181 1140 2229 21:
1178 2181 1341 2242 Hydroptou

816 2260 928 2308 multum
953 2260 1139 2308 ambulandum
1147 2279 1154 2314 t
1166 2273 1168 2278 ·
1182 2260 1341 2308 currentium

256 2371 259 2376 .
294 2333 489 2396 at‘-39.g1st
507 2331 596 2395 notes]
625 2333 779 2384 Sententiae
817 2337 960 2400 aliquando
972 2344 1017 2386 cst.
1041 2333 1177 2386 Ad'vvsai
1190 2337 1261 2386 noter
1274 2340 1340 2386 siu-

256 2413 558 2484 sieenpiioaudaesont:
572 2413 778 2476 «Atquioptime
818 2414 914 2477 plicius
924 2421 963 2464 est
979 2416 1104 2478 supplere
1117 2429 1234 2474 currere,
1255 2429 1338 2478 quum

257 2497 314 2540 tute
332 2493 400 2552 scis,
429 2493 451 2540 si
472 2493 593 2554 corporis
613 2492 778 2540 exercitatio·
816 2506 878 2542 cum
895 2493 955 2542 oiiis
971 2494 1122 2550 ατηέητὶαττ,Ι
1147 2493 1220 2556 quod
1242 2507 1339 2542 rursus

257 2581 307 2620 nes
324 2585 398 2620 nunc
419 2571 499 2619 nimis
522 2569 688 2630 negtexeris,
710 2569 778 2631 peri·
816 2577 933 2635 praestat
954 2573 1070 2621 atiorunr
1088 2572 1277 2634 supplemento
1294 2583 1338 2620 ce·

258 2650 350 2700 culum
369 2650 415 2698 tibi
437 2649 555 2708 instnre,
584 2661 617 2697 ne
630 2648 777 2710 aliquando
813 2648 940 2714 perpiici5
970 2649 1070 2698 etenim
1102 2649 1236 2712 oppositio
1267 2649 1339 2699 inter

257 2741 328 2789 aqna
346 2728 477 2776 intercute
496 2726 620 2785 iabores,
649 2726 776 2787 quocirca
815 2729 1041 2790 oopuptoceouom
1058 2733 1085 2777 et
1101 2729 1265 2776 cauendum
1288 2728 1339 2776 mi-

257 2805 383 2868 prudenti
410 2803 523 2853 consiiio
544 2817 608 2852 treus
636 2816 775 2865 nunquam
815 2818 865 2855 nus
893 2809 934 2854 esi
961 2807 1105 2856 concinne.
1151 2805 1244 2854 nitere
1271 2805 1336 2855 tect.

257 2883 318 2931 ittas
339 2882 507 2939 intermittis;
536 2895 630 2930 rerum
652 2877 776 2946 similiter
813 2884 896 2933 Codd.
915 2884 980 2945 aliq.
1005 2885 1124 2933 et'Edd.
1150 2890 1214 2933 vett.
1250 2881 1336 2945 (ven.

256 2973 367 3022 prorsns
385 2959 414 3008 ttt
430 2961 458 3009 iu
480 2961 616 3008 moribus:
638 2959 689 3010 nist
708 2961 775 3022 opii·
814 2958 904 3024 tter.)
923 2950 952 3010 Si
963 2962 1136 3018 noiiornout,
1156 2963 1338 3024 coercentium-

213 3069 219 3074 ·
255 3038 307 3086 mis
318 3039 469 3100 quibusque
484 3039 671 3101 philosophiae
684 3045 774 3088 uncto·
811 3042 884 3101 pic-tu
912 3046 1042 3102 perquam
1068 3040 1192 3102 ptacebat
1212 3040 1337 3090 Bentleio

257 3117 330 3166 ribus
347 3125 427 3178 saepo
448 3116 490 3165 vel
514 3122 578 3166 ante
598 3117 685 3177 diem,
713 3131 775 3166 cum
813 3107 852 3166 sic
872 3119 1033 3181 exponenti:
1054 3118 1099 3167 oSi
1113 3117 1183 3166 noiis
1196 3130 1279 3166 sanus
1291 3132 1337 3166 er·

255 3209 335 3246 mens
354 3200 394 3244 est
413 3208 495 3257 quam
521 3195 638 3245 monime
663 3196 773 3258 vegeta,
813 3197 944 3260 porgtsct,
963 3209 1048 3246 cures
1070 3197 1219 3258 expergisci
1238 3198 1336 3260 hydro·

255 3281 357 3326 attente
385 3275 476 3330 tectis,
505 3289 598 3325 eurem
624 3277 678 3326 iarn
703 3288 775 3324 nuuc
813 3264 918 3338 picus.»
940 3275 1007 3325 Mihi
1021 3280 1048 3323 et
1059 3275 1154 3324 durior
1166 3275 1286 3333 videtur,
1308 3280 1336 3324 et

256 3349 397 3418 praebebis
412 3366 491 3404 veruo
505 3355 643 3404 doctrinae
658 3359 684 3403 et
694 3354 774 3402 rebus
812 3364 895 3418 prope
909 3355 1000 3416 putida
1015 3367 1080 3416 prae
1096 3353 1195 3414 ultera,
1215 3354 1259 3402 rel
1272 3367 1336 3415 pro·

255 3433 375 3483 honestis
385 3445 496 3496 operam
506 3433 591 3492 debis,
612 3429 773 3491 rooo'rdiam,
812 3439 903 3496 pterea
920 3432 991 3494 qnod
1011 3433 1091 3481 nimis
1104 3432 1150 3480 diu
1163 3437 1257 3480 contra
1270 3432 1336 3494 poti-

255 3518 461 3576 propterque·
478 3514 504 3560 te
522 3512 667 3560 emendare
689 3511 775 3571 negti·
812 3515 854 3560 tae
868 3511 972 3560 morem
989 3511 1265 3559 immoratnscssetin
1279 3522 1335 3558 una

255 3591 311 3651 gis,
328 3589 432 3638 -muitis
453 3593 478 3638 et
500 3589 604 3650 magnis
629 3589 714 3636 animi
731 3600 775 3636 ae·
812 3587 858 3637 itte
875 3589 1067 3652 oopupuoooot
1084 3588 1204 3638 notione.
1229 3589 1334 3638 Novam

255 3667 359 3716 romnis
372 3666 518 3728 aliquando
534 3667 619 3716 tues.»
657 3666 715 3714 Hac
727 3679 775 3713 no·
812 3667 958 3728 imaginent
968 3668 1052 3716 habes
1067 3668 1217 3726 innostra,
1237 3667 1273 3714 ob
1285 3679 1334 3715 au·

253 3752 308 3795 stra
324 3745 542 3807 interpretatione
562 3745 643 3792 etiarn
661 3742 774 3792 monife·
810 3746 917 3808 tiquist.
938 3744 1022 3794 Codri.
1044 3746 1108 3794 satir
1128 3749 1267 3808 praeterea
1288 3743 1335 3793 tir·

255 3831 326 3887 stum
339 3825 382 3884 nt,
403 3837 452 3872 our
467 3837 493 3873 v.
507 3822 550 3871 37.
571 3822 707 3884 scripserit
720 3822 774 3871 }lo-
811 3829 892 3873 mata.
915 3847 944 3858 -
964 3820 1140 3886 hydropicus]
1159 3823 1334 3885 exemplum,

190 3933 192 3936 -
255 3905 338 3954 ratius
347 3916 410 3952 nom
422 3917 481 3960 cur,
503 3914 558 3948 non
566 3914 675 3949 curnam
682 3915 691 3958 ,·
710 3913 774 3950 oon·
811 3916 864 3966 qno
884 3903 979 3952 crebro
1002 3902 1029 3950 in
1051 3902 1151 3951 scholis
1176 3893 1333 3951 utebantur.

255 3984 375 4032 tinuatur
390 3980 463 4029 enim
481 3979 575 4028 eadent
592 3979 771 4035 ratiocinatio,
810 3981 867 4031 (lire
879 3980 912 4030 ad
925 3979 978 4030 Οὐ.
994 3980 1123 4040 2213.
1147 3980 1217 4029 etot.
1234 3981 1269 4028 do
1285 3976 1333 4030 vit.

254 4067 281 4111 et
299 4057 469 4130 παράλληλα
481 4062 543 4105 sunt
556 4055 586 4104 st
596 4057 667 4106 nolu
678 4071 772 4114 renuat
810 4073 866 4110 aer.
881 4059 918 4108 ai.
933 4058 968 4107 8:
996 4053 1094 4128 ὥσπερ
1114 4059 1142 4109 εἰ
1162 4057 1242 4124 io'yor
1258 4053 1335 4128 πρὸς

173 4135 176 4141 ’
254 4141 326 4201 Quae
344 4137 449 4186 incdttot
468 4135 570 4184 cruos:
590 4140 633 4185 et:
654 4137 772 4186 intention
805 4131 912 4207 ’ἰατρὸν
933 4130 1090 4208 cippaticos·
1108 4131 1260 4209 ὑδρωπιῶν
1281 4139 1334 4187 καὶ
