2856 4782
481 325 547 374 um.
568 325 589 370 ι.
632 325 714 372 eam·
728 303 785 373 vir.
1098 304 1176 375 107

93 467 231 533 Persius
252 467 308 533 irie
330 483 513 556 permogue
534 465 674 554 negotiu
695 464 792 530 dive·
814 463 962 532 habebut

93 586 319 671 Clazomenis,
341 588 440 652 etiem
461 588 540 651 lltea
562 605 636 652 eum
657 584 758 674 Rege
780 587 956 672 molestos;
1162 583 1181 646 5

94 711 208 775 Durus
227 709 327 773 homo
348 710 450 793 utque
472 706 549 771 odio
573 707 628 791 qul
650 708 768 792 posset
790 707 1098 797 muneramagna,

92 830 272 897 Confideus
294 826 521 913 tumidusque,
541 827 627 894 odeo
650 829 815 894 sermonis
835 828 957 908 umeri,

95 947 278 1035 sisennas,
301 951 428 1015 Bomos
449 951 487 1012 ut
509 950 603 1033 equis
624 952 859 1032 praecurreret
881 951 977 1016 olbis.

94 1070 152 1136 Ad
173 1071 305 1159 Regem
326 1068 439 1135 redeo.
481 1068 664 1153 Postquam
686 1067 768 1134 nihil
788 1071 878 1136 inter
898 1073 1073 1156 utrumque

95 1187 278 1258 Convenit:
300 1189 378 1263 (hoo
400 1191 522 1255 etenim
543 1192 622 1274 eunt
645 1208 760 1256 omues
781 1191 853 1256 lure
874 1192 1023 1279 molesti,
1142 1187 1182 1249 lo

148 1357 172 1407 l.
209 1371 236 1408 v.
255 1355 283 1406 8.
305 1356 404 1406 Vorror
421 1370 447 1406 c.
466 1356 569 1405 Borrae
586 1367 724 1418 superror.
744 1367 770 1404 o.
792 1353 820 1404 S.

134 1454 172 1504 11.
210 1453 266 1504 Sat.
286 1453 347 1504 vu.
384 1467 411 1504 v.
429 1454 457 1503 r.
477 1453 592 1502 omrem
611 1439 663 1503 ιο.

7 1607 9 1614 p
96 1552 185 1671 Blg...
211 1551 266 1602 Sat.
286 1550 347 1601 vll.
384 1565 410 1603 r.
429 1549 457 1600 d.
477 1549 572 1615 opobot
590 1549 701 1604 Seruius
720 1548 755 1599 od
775 1547 847 1600 Aen.
866 1549 894 1611 d,
915 1547 977 1600 ute.
1009 1549 1077 1602 md.
1096 1553 1187 1602 etiem

59 1646 64 1650 -
118 1636 135 1672 o
168 1633 282 1684 uuusp.
511 1650 514 1657 -

97 1765 160 1815 nint.
196 1765 265 1814 Fere
283 1767 375 1812 autom
393 1762 420 1812 in
441 1762 484 1813 his
507 1761 623 1813 oilicinis
663 1762 830 1824 «molestie,
850 1775 904 1826 qua
929 1763 1053 1813 homines
1078 1763 1187 1814 allicere

97 1843 176 1893 otiosi
192 1843 282 1892 solent
303 1841 444 1890 concidere
462 1855 494 1890 ac
514 1855 557 1890 rer
579 1856 623 1890 ru·
662 1843 784 1902 colebat,
812 1843 884 1892 uude
906 1856 1002 1892 omnes
1025 1857 1089 1892 eum
1113 1843 1186 1894 iecti-

97 1923 218 1971 moribus
242 1917 429 1983 frequentatos
451 1918 551 1968 sobolis
576 1932 624 1968 ce·
662 1923 800 1972 diebeutu
817 1945 848 1958 -
863 1918 1013 1986 Centum]
1032 1923 1089 1972 cte.
1103 1923 1185 1974 Tuto.

97 1999 241 2050 lentore.»
279 1999 420 2049 Peneon.
446 1996 624 2060 Frequentis-
661 2001 688 2058 ³,
705 2000 739 2050 7:
764 2002 809 2064 qui
824 2002 902 2064 sortis
923 2008 978 2062 ert,
1006 2003 1075 2051 idam
1096 2009 1133 2053 ert
1149 2003 1187 2066 [i-

97 2080 182 2128 rimus
203 2082 296 2127 eutem
312 2078 414 2126 Romae
433 2077 543 2125 morbus
565 2079 624 2125 erat
660 2080 752 2139 dem,
779 2081 902 2142 quoniam
926 2081 1098 2143 consident
1114 2081 1187 2130 molo

96 2157 249 2220 lippitudo,
278 2169 331 2218 qua
350 2154 446 2204 tentati
469 2167 536 2204 sane
557 2158 623 2202 tem·
660 2157 841 2207 oomuetudtue
861 2157 983 2221 loquendi
1003 2159 1032 2206 in
1050 2158 1116 2208 vitio
1141 2171 1188 2220 po-

96 2249 146 2300 pos
165 2235 209 2286 vix
223 2234 303 2284 aliter
321 2232 417 2282 fallere
431 2230 623 2296 poteruntniei
659 2237 749 2291 uitur,
777 2236 883 2285 ductum
904 2235 1011 2286 emtum
1039 2249 1057 2285 ο
1085 2237 1187 2300 coufi-

97 2314 299 2366 conlebnlaodo
321 2312 349 2360 iu
375 2311 485 2362 cilicina
511 2311 621 2374 aliqua,
660 2315 787 2370 dendo,
807 2315 876 2377 quod
900 2314 985 2363 loudta
1006 2320 1053 2364 ert.
1099 2313 1186 2364 Lucil.

96 2394 142 2445 ubi
158 2407 191 2443 ex
211 2393 387 2455 antiquorum
405 2403 480 2440 more
497 2390 623 2440 hominen
662 2395 705 2454 10,
719 2391 754 2442 8:
774 2392 924 2453 improde',
943 2393 1089 2455 confidem,
1102 2393 1188 2442 matur

97 2473 315 2531 conveniebant,
343 2472 373 2519 nl
388 2483 438 2520 nos
455 2470 484 2519 in
506 2470 623 2518 thermo·
661 2477 686 2522 at
712 2471 824 2533 neptum
847 2469 979 2519 uideatur.
1004 2489 1038 2506 -·
1063 2467 1187 2531 tumidus]

97 2553 187 2617 poliie.
226 2551 270 2600 Sie
294 2549 422 2600 Chariton
444 2562 471 2610 p.
494 2547 544 2598 ll:
573 2539 625 2598 oio
662 2545 844 2620 ἀκράχολος,
864 2547 1004 2596 iracundie
1020 2559 1082 2596 cum
1095 2560 1189 2609 super-

96 2631 125 2684 dl
150 2627 279 2696 α’λγῶν
301 2626 350 2678 ἐπι
379 2641 458 2690 τινος
484 2624 625 2695 ἐργαστη-
662 2631 706 2680 bia
722 2627 916 2678 coniuncta—
930 2625 1062 2686 suanum,
1075 2623 1186 2688 Bor-ror]

97 2711 164 2780 ρίου
183 2707 339 2773 καθῆστο,
366 2706 412 2755 ubi
436 2704 569 2755 ll'Orville
587 2702 625 2752 ul·
663 2707 724 2759 Noti
742 2712 807 2756 tuno
830 2717 939 2754 scurrae
959 2702 1096 2754 maledici.
1124 2704 1189 2754 Cor·

98 2789 150 2840 lert
184 2786 293 2851 Lyciam
326 2799 354 2848 p.
382 2783 449 2834 ute:
498 2777 626 2844 ἕκαστος
663 2787 752 2837 uellus
766 2771 1189 2844 Sisennuaonator,cuiusncer·

97 2861 183 2932 ὑμῶν
210 2861 341 2916 εἴθισται
369 2859 574 2932 προσφοιτᾷν,
607 2853 625 2912 ὁ
664 2867 728 2915 hum
739 2865 840 2914 dictum
853 2864 882 2913 in
894 2863 1046 2926 Augustum
1057 2867 1190 2914 memoret

97 2947 153 3013 μὲν
165 2941 242 3016 πρὸς
253 2937 459 3013 μυροπώλιον,
478 2932 496 2989 0‘
509 2938 540 2990 δὲ
553 2935 627 3009 πρὸς
665 2945 714 2994 llio
734 2944 810 2994 Caes.
831 2942 875 3003 5⁴,
888 2942 934 2993 27.
948 2944 982 2992 ad
995 2956 1020 2992 a.
1032 2956 1061 2992 o.
1076 2957 1101 2992 e.
1114 2943 1189 3000 741„

99 3028 289 3094 κουρεῖον
313 3020 376 3072 κτλ.
419 3020 556 3069 Tonsoree
580 3031 627 3068 nu·
664 3023 709 3075 vel
730 3026 840 3086 propter
860 3026 976 3072 aetutem
1002 3035 1062 3071 eree
1084 3022 1189 3085 nequit.

99 3109 153 3154 tem
183 3103 239 3152 inm
266 3101 339 3162 apud
361 3099 487 3162 antiquos
517 3102 628 3161 propter
664 3102 735 3151 Baro
748 3114 842 3151 scurra
853 3104 894 3149 est
903 3101 974 3163 apud
984 3099 1048 3150 Seu.
1060 3099 1188 3152 Contror.

100 3179 404 3246 gamnlltatemlamoai.
425 3178 480 3228 Cir.
489 3176 625 3227 Plutarch.
665 3181 692 3231 7.
714 3195 741 3244 p.
764 3180 826 3231 125.
850 3180 910 3242 Bip.
933 3179 1056 3229 diversus
1077 3179 1189 3241 utique,

99 3263 164 3331 περὶ
189 3257 271 3310 ἀδολ.
292 3259 335 3308 13.
361 3282 391 3294 -
409 3255 515 3320 notum]
551 3257 628 3307 «Neo
666 3259 720 3320 nisi
740 3259 778 3308 ibi
797 3262 953 3320 corruptum
973 3261 1013 3307 ert
1032 3269 1143 3306 nomen.
1159 3279 1190 3294 -

98 3345 195 3390 temen
219 3338 370 3402 quidquam
404 3337 533 3400 impedit.
574 3349 628 3398 quo
666 3333 840 3400 epoto-olbis]
861 3349 924 3386 oum
937 3335 966 3384 lri
981 3334 1118 3384 celerrimi
1131 3346 1192 3386 eece

99 3422 189 3470 minus
210 3431 262 3480 ego
281 3429 389 3481 quoque
406 3429 465 3466 reru
483 3414 628 3466 ridiculam
667 3416 856 3472 crederentur,
877 3414 941 3464 inde
960 3417 1054 3461 uatum
1067 3412 1118 3461 hoc
1131 3425 1193 3475 pro«

99 3499 206 3561 poetica
232 3496 389 3547 narratione
407 3493 557 3544 memorien
577 3497 629 3543 tra·
666 3493 800 3545 verbium.
837 3491 881 3541 Sic
900 3490 989 3540 Plaut.
1010 3488 1087 3540 Asin.
1111 3491 1142 3550 2,
1163 3489 1191 3550 2,

100 3579 195 3628 dam.»
234 3575 313 3627 Ouid.
331 3572 412 3624 M.
433 3575 459 3635 l,
479 3573 550 3624 681:
578 3572 629 3621 Fu·
668 3572 719 3622 12:
738 3571 888 3622 Nemetae
909 3570 968 3620 duic
985 3569 1116 3620 occoctom’
1131 3574 1193 3619 tem·

100 3657 160 3706 luto
184 3661 254 3706 uoto
274 3654 393 3717 widem.
421 3653 466 3702 ced
491 3664 546 3701 nou
563 3650 631 3700 tudi-
664 3665 716 3714 pur
739 3650 949 3709 subterduoertt,
977 3649 1117 3714 Nunquam
1137 3649 1193 3700 ede·

100 3749 152 3799 poc
171 3735 278 3799 referri.
665 3729 712 3792 pol
724 3729 859 3792 puodript'r
868 3728 935 3778 elota
944 3728 1081 3790 indipiscet
1087 3733 1192 3790 posteo.

132 3813 228 3864 4-8.
273 3807 396 3875 nepote'o]
437 3809 524 3859 «Erat
555 3806 629 3857 enim
703 3807 823 3857 toa-18.
861 3803 1000 3868 Conuenit]
1025 3809 1189 3869 «postquam

101 3894 256 3956 negotiator
304 3888 377 3952 opud
416 3887 629 3939 Clazomenas.»
668 3886 744 3936 litem
764 3885 852 3936 amice
865 3884 991 3934 decidere
1006 3889 1032 3934 ot
1049 3883 1192 3934 conciliari

102 3970 192 4023 Coum.
206 3971 294 4028 Cnuo.
315 3965 630 4030 Intelligeetiumpecn·
669 3977 724 4014 non
746 3967 904 4027 poterant.»
932 3986 963 3998 -
1003 3962 1050 4012 loo
1081 3957 1191 4020 etenim]

102 4049 160 4100 nias
194 4048 287 4099 fenori
315 4045 429 4097 locatae.
461 4067 492 4080 -
526 4039 629 4105 Dono]
670 4041 794 4096 «Omnes
814 4041 941 4092 hominen
957 4039 1075 4096 metanti,
1096 4038 1192 4089 difflet-

104 4128 252 4191 fluorricu
274 4129 303 4178 et
319 4137 478 4178 moronus.»
501 4146 532 4162 -
553 4117 628 4185 odtc]
668 4121 726 4184 les,
762 4121 922 4174 contentiosi
946 4120 994 4170 too
1023 4120 1081 4168 ture
1111 4122 1191 4171 tuot,
